%YAML 1.1
%TAG !u! tag:unity3d.com,2011:
--- !u!29 &1
SceneSettings:
  m_ObjectHideFlags: 0
  m_PVSData: 
  m_PVSObjectsArray: []
  m_PVSPortalsArray: []
  m_OcclusionBakeSettings:
    smallestOccluder: 5
    smallestHole: 0.25
    backfaceThreshold: 100
--- !u!104 &2
RenderSettings:
  m_ObjectHideFlags: 0
  serializedVersion: 6
  m_Fog: 0
  m_FogColor: {r: 0.5, g: 0.5, b: 0.5, a: 1}
  m_FogMode: 3
  m_FogDensity: 0.01
  m_LinearFogStart: 0
  m_LinearFogEnd: 300
  m_AmbientSkyColor: {r: 1, g: 1, b: 1, a: 1}
  m_AmbientEquatorColor: {r: 1, g: 1, b: 1, a: 1}
  m_AmbientGroundColor: {r: 1, g: 1, b: 1, a: 1}
  m_AmbientIntensity: 1
  m_AmbientMode: 3
  m_SkyboxMaterial: {fileID: 0}
  m_HaloStrength: 0.5
  m_FlareStrength: 1
  m_FlareFadeSpeed: 3
  m_HaloTexture: {fileID: 0}
  m_SpotCookie: {fileID: 10001, guid: 0000000000000000e000000000000000, type: 0}
  m_DefaultReflectionMode: 0
  m_DefaultReflectionResolution: 128
  m_ReflectionBounces: 1
  m_ReflectionIntensity: 1
  m_CustomReflection: {fileID: 0}
  m_Sun: {fileID: 0}
--- !u!157 &4
LightmapSettings:
  m_ObjectHideFlags: 0
  serializedVersion: 6
  m_GIWorkflowMode: 1
  m_LightmapsMode: 1
  m_GISettings:
    serializedVersion: 2
    m_BounceScale: 1
    m_IndirectOutputScale: 1
    m_AlbedoBoost: 1
    m_TemporalCoherenceThreshold: 1
    m_EnvironmentLightingMode: 0
    m_EnableBakedLightmaps: 1
    m_EnableRealtimeLightmaps: 0
  m_LightmapEditorSettings:
    serializedVersion: 3
    m_Resolution: 1
    m_BakeResolution: 50
    m_TextureWidth: 1024
    m_TextureHeight: 1024
    m_AOMaxDistance: 1
    m_Padding: 2
    m_CompAOExponent: 0
    m_LightmapParameters: {fileID: 0}
    m_TextureCompression: 0
    m_FinalGather: 0
    m_FinalGatherRayCount: 1024
    m_ReflectionCompression: 2
  m_LightingDataAsset: {fileID: 0}
  m_RuntimeCPUUsage: 25
--- !u!196 &5
NavMeshSettings:
  serializedVersion: 2
  m_ObjectHideFlags: 0
  m_BuildSettings:
    serializedVersion: 2
    agentRadius: 0.5
    agentHeight: 2
    agentSlope: 45
    agentClimb: 0.4
    ledgeDropHeight: 0
    maxJumpAcrossDistance: 0
    accuratePlacement: 0
    minRegionArea: 2
    cellSize: 0.16666666
    manualCellSize: 0
  m_NavMeshData: {fileID: 0}
--- !u!1 &124824985
GameObject:
  m_ObjectHideFlags: 0
  m_PrefabParentObject: {fileID: 100016, guid: 996f0228d03f2114bb727b5df57dce86, type: 2}
  m_PrefabInternal: {fileID: 984322890}
  serializedVersion: 4
  m_Component:
  - 4: {fileID: 124824986}
  - 33: {fileID: 124824989}
  - 135: {fileID: 124824988}
  - 23: {fileID: 124824987}
  m_Layer: 0
  m_Name: 21_Elbow_Right
  m_TagString: Untagged
  m_Icon: {fileID: 0}
  m_NavMeshLayer: 0
  m_StaticEditorFlags: 0
  m_IsActive: 1
--- !u!4 &124824986
Transform:
  m_ObjectHideFlags: 0
  m_PrefabParentObject: {fileID: 400016, guid: 996f0228d03f2114bb727b5df57dce86, type: 2}
  m_PrefabInternal: {fileID: 984322890}
  m_GameObject: {fileID: 124824985}
  m_LocalRotation: {x: 0, y: 0, z: 0, w: 1}
  m_LocalPosition: {x: 0, y: 0, z: 0}
  m_LocalScale: {x: 0.1, y: 0.1, z: 0.1}
  m_Children: []
  m_Father: {fileID: 1244153235}
  m_RootOrder: 6
--- !u!23 &124824987
MeshRenderer:
  m_ObjectHideFlags: 0
  m_PrefabParentObject: {fileID: 2300016, guid: 996f0228d03f2114bb727b5df57dce86,
    type: 2}
  m_PrefabInternal: {fileID: 984322890}
  m_GameObject: {fileID: 124824985}
  m_Enabled: 1
  m_CastShadows: 1
  m_ReceiveShadows: 1
  m_Materials:
  - {fileID: 10302, guid: 0000000000000000f000000000000000, type: 0}
  m_SubsetIndices: 
  m_StaticBatchRoot: {fileID: 0}
  m_UseLightProbes: 0
  m_ReflectionProbeUsage: 1
  m_ProbeAnchor: {fileID: 0}
  m_ScaleInLightmap: 1
  m_PreserveUVs: 0
  m_IgnoreNormalsForChartDetection: 0
  m_ImportantGI: 0
  m_MinimumChartSize: 4
  m_AutoUVMaxDistance: 0.5
  m_AutoUVMaxAngle: 89
  m_LightmapParameters: {fileID: 0}
  m_SortingLayerID: 0
  m_SortingOrder: 0
--- !u!135 &124824988
SphereCollider:
  m_ObjectHideFlags: 0
  m_PrefabParentObject: {fileID: 13500016, guid: 996f0228d03f2114bb727b5df57dce86,
    type: 2}
  m_PrefabInternal: {fileID: 984322890}
  m_GameObject: {fileID: 124824985}
  m_Material: {fileID: 0}
  m_IsTrigger: 0
  m_Enabled: 1
  serializedVersion: 2
  m_Radius: 0.5000001
  m_Center: {x: 0.000000059604645, y: 0, z: -0.00000008940697}
--- !u!33 &124824989
MeshFilter:
  m_ObjectHideFlags: 0
  m_PrefabParentObject: {fileID: 3300016, guid: 996f0228d03f2114bb727b5df57dce86,
    type: 2}
  m_PrefabInternal: {fileID: 984322890}
  m_GameObject: {fileID: 124824985}
  m_Mesh: {fileID: 10207, guid: 0000000000000000e000000000000000, type: 0}
--- !u!1 &155010542
GameObject:
  m_ObjectHideFlags: 0
  m_PrefabParentObject: {fileID: 0}
  m_PrefabInternal: {fileID: 0}
  serializedVersion: 4
  m_Component:
  - 4: {fileID: 155010543}
  - 114: {fileID: 155010544}
  - 114: {fileID: 155010545}
  - 114: {fileID: 155010546}
  - 114: {fileID: 155010547}
  - 114: {fileID: 155010548}
  - 114: {fileID: 155010549}
  m_Layer: 0
  m_Name: KinectPrefab
  m_TagString: Untagged
  m_Icon: {fileID: 0}
  m_NavMeshLayer: 0
  m_StaticEditorFlags: 0
  m_IsActive: 1
--- !u!4 &155010543
Transform:
  m_ObjectHideFlags: 0
  m_PrefabParentObject: {fileID: 0}
  m_PrefabInternal: {fileID: 0}
  m_GameObject: {fileID: 155010542}
  m_LocalRotation: {x: 0, y: 0, z: 0, w: 1}
  m_LocalPosition: {x: 0, y: 0, z: 0}
  m_LocalScale: {x: 1, y: 1, z: 1}
  m_Children: []
  m_Father: {fileID: 0}
  m_RootOrder: 1
--- !u!114 &155010544
MonoBehaviour:
  m_ObjectHideFlags: 0
  m_PrefabParentObject: {fileID: 0}
  m_PrefabInternal: {fileID: 0}
  m_GameObject: {fileID: 155010542}
  m_Enabled: 1
  m_EditorHideFlags: 0
  m_Script: {fileID: 11500000, guid: 3cc1f6a2b4778c24491a89120cd24d40, type: 3}
  m_Name: 
  m_EditorClassIdentifier: 
  device: {fileID: 155010545}
  emulator: {fileID: 155010546}
  useEmulator: 0
--- !u!114 &155010545
MonoBehaviour:
  m_ObjectHideFlags: 0
  m_PrefabParentObject: {fileID: 0}
  m_PrefabInternal: {fileID: 0}
  m_GameObject: {fileID: 155010542}
  m_Enabled: 0
  m_EditorHideFlags: 0
  m_Script: {fileID: 11500000, guid: 1ca6d895ba931924f90d614ff752ab42, type: 3}
  m_Name: 
  m_EditorClassIdentifier: 
  sensorHeight: 1
  kinectCenter: {x: 0, y: 0, z: 2}
  lookAt: {x: 0, y: 1, z: 0, w: 0}
  smoothing: 0.5
  correction: 0.5
  prediction: 0.5
  jitterRadius: 0.05
  maxDeviationRadius: 0.04
  enableNearMode: 0
  skeltonTrackingMode: 1
--- !u!114 &155010546
MonoBehaviour:
  m_ObjectHideFlags: 0
  m_PrefabParentObject: {fileID: 0}
  m_PrefabInternal: {fileID: 0}
  m_GameObject: {fileID: 155010542}
  m_Enabled: 0
  m_EditorHideFlags: 0
  m_Script: {fileID: 11500000, guid: c1531006e9360c84f81708b2b6106d68, type: 3}
  m_Name: 
  m_EditorClassIdentifier: 
  inputFile: 4173736574732f5265636f7264696e67732f706c61796261636b30
  sensorHeight: 1
  kinectCenter: {x: 0, y: 0, z: 2}
  lookAt: {x: 0, y: 1, z: 0, w: 0}
--- !u!114 &155010547
MonoBehaviour:
  m_ObjectHideFlags: 0
  m_PrefabParentObject: {fileID: 0}
  m_PrefabInternal: {fileID: 0}
  m_GameObject: {fileID: 155010542}
  m_Enabled: 1
  m_EditorHideFlags: 0
  m_Script: {fileID: 11500000, guid: cbb8933f8f23b6a45b8c612cc9bbcda4, type: 3}
  m_Name: 
  m_EditorClassIdentifier: 
  devOrEmu: {fileID: 155010544}
  players: 
  trackedPlayers: 
  flipMatrix:
    e00: 1
    e01: 0
    e02: 0
    e03: 0
    e10: 0
    e11: 1
    e12: 0
    e13: 0
    e20: 0
    e21: 0
    e22: -1
    e23: 0
    e30: 0
    e31: 0
    e32: 0
    e33: 1
--- !u!114 &155010548
MonoBehaviour:
  m_ObjectHideFlags: 0
  m_PrefabParentObject: {fileID: 0}
  m_PrefabInternal: {fileID: 0}
  m_GameObject: {fileID: 155010542}
  m_Enabled: 1
  m_EditorHideFlags: 0
  m_Script: {fileID: 11500000, guid: cd63756e6dc1ecc41b9b1155dd1692f6, type: 3}
  m_Name: 
  m_EditorClassIdentifier: 
  devOrEmu: {fileID: 155010544}
  storedFrames: 1
  depthImg: []
  players: []
--- !u!114 &155010549
MonoBehaviour:
  m_ObjectHideFlags: 0
  m_PrefabParentObject: {fileID: 0}
  m_PrefabInternal: {fileID: 0}
  m_GameObject: {fileID: 155010542}
  m_Enabled: 1
  m_EditorHideFlags: 0
  m_Script: {fileID: 11500000, guid: e8c044f5d461fc84cbadaa2a1f418cec, type: 3}
  m_Name: 
  m_EditorClassIdentifier: 
  devOrEmu: {fileID: 155010544}
  outputFile: 4173736574732f5265636f7264696e67732f706c61796261636b
--- !u!1 &162049437
GameObject:
  m_ObjectHideFlags: 0
  m_PrefabParentObject: {fileID: 100000, guid: 996f0228d03f2114bb727b5df57dce86, type: 2}
  m_PrefabInternal: {fileID: 984322890}
  serializedVersion: 4
  m_Component:
  - 4: {fileID: 162049438}
  - 33: {fileID: 162049441}
  - 135: {fileID: 162049440}
  - 23: {fileID: 162049439}
  m_Layer: 0
  m_Name: 40_Hip_Right
  m_TagString: Untagged
  m_Icon: {fileID: 0}
  m_NavMeshLayer: 0
  m_StaticEditorFlags: 0
  m_IsActive: 1
--- !u!4 &162049438
Transform:
  m_ObjectHideFlags: 0
  m_PrefabParentObject: {fileID: 400000, guid: 996f0228d03f2114bb727b5df57dce86, type: 2}
  m_PrefabInternal: {fileID: 984322890}
  m_GameObject: {fileID: 162049437}
  m_LocalRotation: {x: 0, y: 0, z: 0, w: 1}
  m_LocalPosition: {x: 0, y: 0, z: 0}
  m_LocalScale: {x: 0.1, y: 0.1, z: 0.1}
  m_Children: []
  m_Father: {fileID: 1244153235}
  m_RootOrder: 13
--- !u!23 &162049439
MeshRenderer:
  m_ObjectHideFlags: 0
  m_PrefabParentObject: {fileID: 2300000, guid: 996f0228d03f2114bb727b5df57dce86,
    type: 2}
  m_PrefabInternal: {fileID: 984322890}
  m_GameObject: {fileID: 162049437}
  m_Enabled: 1
  m_CastShadows: 1
  m_ReceiveShadows: 1
  m_Materials:
  - {fileID: 10302, guid: 0000000000000000f000000000000000, type: 0}
  m_SubsetIndices: 
  m_StaticBatchRoot: {fileID: 0}
  m_UseLightProbes: 0
  m_ReflectionProbeUsage: 1
  m_ProbeAnchor: {fileID: 0}
  m_ScaleInLightmap: 1
  m_PreserveUVs: 0
  m_IgnoreNormalsForChartDetection: 0
  m_ImportantGI: 0
  m_MinimumChartSize: 4
  m_AutoUVMaxDistance: 0.5
  m_AutoUVMaxAngle: 89
  m_LightmapParameters: {fileID: 0}
  m_SortingLayerID: 0
  m_SortingOrder: 0
--- !u!135 &162049440
SphereCollider:
  m_ObjectHideFlags: 0
  m_PrefabParentObject: {fileID: 13500000, guid: 996f0228d03f2114bb727b5df57dce86,
    type: 2}
  m_PrefabInternal: {fileID: 984322890}
  m_GameObject: {fileID: 162049437}
  m_Material: {fileID: 0}
  m_IsTrigger: 0
  m_Enabled: 1
  serializedVersion: 2
  m_Radius: 0.5000001
  m_Center: {x: 0.000000059604645, y: 0, z: -0.00000008940697}
--- !u!33 &162049441
MeshFilter:
  m_ObjectHideFlags: 0
  m_PrefabParentObject: {fileID: 3300000, guid: 996f0228d03f2114bb727b5df57dce86,
    type: 2}
  m_PrefabInternal: {fileID: 984322890}
  m_GameObject: {fileID: 162049437}
  m_Mesh: {fileID: 10207, guid: 0000000000000000e000000000000000, type: 0}
--- !u!1 &173881600
GameObject:
  m_ObjectHideFlags: 0
  m_PrefabParentObject: {fileID: 102550, guid: d99b2876ca206044fbe87b71a1baafd8, type: 2}
  m_PrefabInternal: {fileID: 508893046}
  serializedVersion: 4
  m_Component:
  - 4: {fileID: 173881604}
  - 33: {fileID: 173881603}
  - 23: {fileID: 173881601}
  - 54: {fileID: 173881605}
  - 65: {fileID: 173881602}
  m_Layer: 0
  m_Name: Floor
  m_TagString: Floor
  m_Icon: {fileID: 0}
  m_NavMeshLayer: 0
  m_StaticEditorFlags: 0
  m_IsActive: 1
--- !u!23 &173881601
MeshRenderer:
  m_ObjectHideFlags: 0
  m_PrefabParentObject: {fileID: 2385314, guid: d99b2876ca206044fbe87b71a1baafd8,
    type: 2}
  m_PrefabInternal: {fileID: 508893046}
  m_GameObject: {fileID: 173881600}
  m_Enabled: 1
  m_CastShadows: 1
  m_ReceiveShadows: 1
  m_Materials:
  - {fileID: 2100000, guid: eaddfb36e1aceb048a41b55fc7b4a0a3, type: 2}
  m_SubsetIndices: 
  m_StaticBatchRoot: {fileID: 0}
  m_UseLightProbes: 1
  m_ReflectionProbeUsage: 1
  m_ProbeAnchor: {fileID: 0}
  m_ScaleInLightmap: 1
  m_PreserveUVs: 1
  m_IgnoreNormalsForChartDetection: 0
  m_ImportantGI: 0
  m_MinimumChartSize: 4
  m_AutoUVMaxDistance: 0.5
  m_AutoUVMaxAngle: 89
  m_LightmapParameters: {fileID: 0}
  m_SortingLayerID: 0
  m_SortingOrder: 0
--- !u!65 &173881602
BoxCollider:
  m_ObjectHideFlags: 0
  m_PrefabParentObject: {fileID: 0}
  m_PrefabInternal: {fileID: 0}
  m_GameObject: {fileID: 173881600}
  m_Material: {fileID: 0}
  m_IsTrigger: 1
  m_Enabled: 1
  serializedVersion: 2
  m_Size: {x: 10, y: 0.5, z: 10}
  m_Center: {x: 0, y: 0, z: 0}
--- !u!33 &173881603
MeshFilter:
  m_ObjectHideFlags: 0
  m_PrefabParentObject: {fileID: 3350338, guid: d99b2876ca206044fbe87b71a1baafd8,
    type: 2}
  m_PrefabInternal: {fileID: 508893046}
  m_GameObject: {fileID: 173881600}
  m_Mesh: {fileID: 10209, guid: 0000000000000000e000000000000000, type: 0}
--- !u!4 &173881604
Transform:
  m_ObjectHideFlags: 0
  m_PrefabParentObject: {fileID: 414936, guid: d99b2876ca206044fbe87b71a1baafd8, type: 2}
  m_PrefabInternal: {fileID: 508893046}
  m_GameObject: {fileID: 173881600}
  m_LocalRotation: {x: 0, y: 0, z: 0, w: 1}
  m_LocalPosition: {x: 0, y: -0.76, z: -5}
  m_LocalScale: {x: 1, y: 1, z: 1}
  m_Children: []
  m_Father: {fileID: 0}
  m_RootOrder: 7
--- !u!54 &173881605
Rigidbody:
  m_ObjectHideFlags: 0
  m_PrefabParentObject: {fileID: 0}
  m_PrefabInternal: {fileID: 0}
  m_GameObject: {fileID: 173881600}
  serializedVersion: 2
  m_Mass: 1
  m_Drag: 0
  m_AngularDrag: 0.05
  m_UseGravity: 0
  m_IsKinematic: 1
  m_Interpolate: 0
  m_Constraints: 0
  m_CollisionDetection: 0
--- !u!1 &265230651
GameObject:
  m_ObjectHideFlags: 0
  m_PrefabParentObject: {fileID: 100012, guid: 996f0228d03f2114bb727b5df57dce86, type: 2}
  m_PrefabInternal: {fileID: 984322890}
  serializedVersion: 4
  m_Component:
  - 4: {fileID: 265230652}
  - 33: {fileID: 265230655}
  - 135: {fileID: 265230654}
  - 23: {fileID: 265230653}
  m_Layer: 0
  m_Name: 31_Knee_Left
  m_TagString: Untagged
  m_Icon: {fileID: 0}
  m_NavMeshLayer: 0
  m_StaticEditorFlags: 0
  m_IsActive: 1
--- !u!4 &265230652
Transform:
  m_ObjectHideFlags: 0
  m_PrefabParentObject: {fileID: 400012, guid: 996f0228d03f2114bb727b5df57dce86, type: 2}
  m_PrefabInternal: {fileID: 984322890}
  m_GameObject: {fileID: 265230651}
  m_LocalRotation: {x: 0, y: 0, z: 0, w: 1}
  m_LocalPosition: {x: 0, y: 0, z: 0}
  m_LocalScale: {x: 0.1, y: 0.1, z: 0.1}
  m_Children: []
  m_Father: {fileID: 1244153235}
  m_RootOrder: 14
--- !u!23 &265230653
MeshRenderer:
  m_ObjectHideFlags: 0
  m_PrefabParentObject: {fileID: 2300012, guid: 996f0228d03f2114bb727b5df57dce86,
    type: 2}
  m_PrefabInternal: {fileID: 984322890}
  m_GameObject: {fileID: 265230651}
  m_Enabled: 1
  m_CastShadows: 1
  m_ReceiveShadows: 1
  m_Materials:
  - {fileID: 10302, guid: 0000000000000000f000000000000000, type: 0}
  m_SubsetIndices: 
  m_StaticBatchRoot: {fileID: 0}
  m_UseLightProbes: 0
  m_ReflectionProbeUsage: 1
  m_ProbeAnchor: {fileID: 0}
  m_ScaleInLightmap: 1
  m_PreserveUVs: 0
  m_IgnoreNormalsForChartDetection: 0
  m_ImportantGI: 0
  m_MinimumChartSize: 4
  m_AutoUVMaxDistance: 0.5
  m_AutoUVMaxAngle: 89
  m_LightmapParameters: {fileID: 0}
  m_SortingLayerID: 0
  m_SortingOrder: 0
--- !u!135 &265230654
SphereCollider:
  m_ObjectHideFlags: 0
  m_PrefabParentObject: {fileID: 13500012, guid: 996f0228d03f2114bb727b5df57dce86,
    type: 2}
  m_PrefabInternal: {fileID: 984322890}
  m_GameObject: {fileID: 265230651}
  m_Material: {fileID: 0}
  m_IsTrigger: 0
  m_Enabled: 1
  serializedVersion: 2
  m_Radius: 0.5000001
  m_Center: {x: 0.000000059604645, y: 0, z: -0.00000008940697}
--- !u!33 &265230655
MeshFilter:
  m_ObjectHideFlags: 0
  m_PrefabParentObject: {fileID: 3300012, guid: 996f0228d03f2114bb727b5df57dce86,
    type: 2}
  m_PrefabInternal: {fileID: 984322890}
  m_GameObject: {fileID: 265230651}
  m_Mesh: {fileID: 10207, guid: 0000000000000000e000000000000000, type: 0}
--- !u!1 &431167814
GameObject:
  m_ObjectHideFlags: 0
  m_PrefabParentObject: {fileID: 100038, guid: 996f0228d03f2114bb727b5df57dce86, type: 2}
  m_PrefabInternal: {fileID: 984322890}
  serializedVersion: 4
  m_Component:
  - 4: {fileID: 431167815}
  - 33: {fileID: 431167818}
  - 135: {fileID: 431167817}
  - 23: {fileID: 431167816}
  m_Layer: 0
  m_Name: 00_Hip_Center
  m_TagString: Untagged
  m_Icon: {fileID: 0}
  m_NavMeshLayer: 0
  m_StaticEditorFlags: 0
  m_IsActive: 1
--- !u!4 &431167815
Transform:
  m_ObjectHideFlags: 0
  m_PrefabParentObject: {fileID: 400038, guid: 996f0228d03f2114bb727b5df57dce86, type: 2}
  m_PrefabInternal: {fileID: 984322890}
  m_GameObject: {fileID: 431167814}
  m_LocalRotation: {x: 0, y: 0, z: 0, w: 1}
  m_LocalPosition: {x: 0, y: 0, z: 0}
  m_LocalScale: {x: 0.1, y: 0.1, z: 0.1}
  m_Children: []
  m_Father: {fileID: 1244153235}
  m_RootOrder: 0
--- !u!23 &431167816
MeshRenderer:
  m_ObjectHideFlags: 0
  m_PrefabParentObject: {fileID: 2300038, guid: 996f0228d03f2114bb727b5df57dce86,
    type: 2}
  m_PrefabInternal: {fileID: 984322890}
  m_GameObject: {fileID: 431167814}
  m_Enabled: 1
  m_CastShadows: 1
  m_ReceiveShadows: 1
  m_Materials:
  - {fileID: 10302, guid: 0000000000000000f000000000000000, type: 0}
  m_SubsetIndices: 
  m_StaticBatchRoot: {fileID: 0}
  m_UseLightProbes: 0
  m_ReflectionProbeUsage: 1
  m_ProbeAnchor: {fileID: 0}
  m_ScaleInLightmap: 1
  m_PreserveUVs: 0
  m_IgnoreNormalsForChartDetection: 0
  m_ImportantGI: 0
  m_MinimumChartSize: 4
  m_AutoUVMaxDistance: 0.5
  m_AutoUVMaxAngle: 89
  m_LightmapParameters: {fileID: 0}
  m_SortingLayerID: 0
  m_SortingOrder: 0
--- !u!135 &431167817
SphereCollider:
  m_ObjectHideFlags: 0
  m_PrefabParentObject: {fileID: 13500038, guid: 996f0228d03f2114bb727b5df57dce86,
    type: 2}
  m_PrefabInternal: {fileID: 984322890}
  m_GameObject: {fileID: 431167814}
  m_Material: {fileID: 0}
  m_IsTrigger: 0
  m_Enabled: 1
  serializedVersion: 2
  m_Radius: 0.5000001
  m_Center: {x: 0.000000059604645, y: 0, z: -0.00000008940697}
--- !u!33 &431167818
MeshFilter:
  m_ObjectHideFlags: 0
  m_PrefabParentObject: {fileID: 3300038, guid: 996f0228d03f2114bb727b5df57dce86,
    type: 2}
  m_PrefabInternal: {fileID: 984322890}
  m_GameObject: {fileID: 431167814}
  m_Mesh: {fileID: 10207, guid: 0000000000000000e000000000000000, type: 0}
--- !u!1 &489488529
GameObject:
  m_ObjectHideFlags: 0
  m_PrefabParentObject: {fileID: 100020, guid: 996f0228d03f2114bb727b5df57dce86, type: 2}
  m_PrefabInternal: {fileID: 984322890}
  serializedVersion: 4
  m_Component:
  - 4: {fileID: 489488530}
  - 33: {fileID: 489488533}
  - 135: {fileID: 489488532}
  - 23: {fileID: 489488531}
  m_Layer: 0
  m_Name: 23_Hand_Right
  m_TagString: Hand
  m_Icon: {fileID: 0}
  m_NavMeshLayer: 0
  m_StaticEditorFlags: 0
  m_IsActive: 1
--- !u!4 &489488530
Transform:
  m_ObjectHideFlags: 0
  m_PrefabParentObject: {fileID: 400020, guid: 996f0228d03f2114bb727b5df57dce86, type: 2}
  m_PrefabInternal: {fileID: 984322890}
  m_GameObject: {fileID: 489488529}
  m_LocalRotation: {x: 0, y: 0, z: 0, w: 1}
  m_LocalPosition: {x: 0, y: 0, z: 0}
  m_LocalScale: {x: 0.1, y: 0.1, z: 0.1}
  m_Children: []
  m_Father: {fileID: 1244153235}
  m_RootOrder: 10
--- !u!23 &489488531
MeshRenderer:
  m_ObjectHideFlags: 0
  m_PrefabParentObject: {fileID: 2300020, guid: 996f0228d03f2114bb727b5df57dce86,
    type: 2}
  m_PrefabInternal: {fileID: 984322890}
  m_GameObject: {fileID: 489488529}
  m_Enabled: 1
  m_CastShadows: 1
  m_ReceiveShadows: 1
  m_Materials:
  - {fileID: 10302, guid: 0000000000000000f000000000000000, type: 0}
  m_SubsetIndices: 
  m_StaticBatchRoot: {fileID: 0}
  m_UseLightProbes: 0
  m_ReflectionProbeUsage: 1
  m_ProbeAnchor: {fileID: 0}
  m_ScaleInLightmap: 1
  m_PreserveUVs: 0
  m_IgnoreNormalsForChartDetection: 0
  m_ImportantGI: 0
  m_MinimumChartSize: 4
  m_AutoUVMaxDistance: 0.5
  m_AutoUVMaxAngle: 89
  m_LightmapParameters: {fileID: 0}
  m_SortingLayerID: 0
  m_SortingOrder: 0
--- !u!135 &489488532
SphereCollider:
  m_ObjectHideFlags: 0
  m_PrefabParentObject: {fileID: 13500020, guid: 996f0228d03f2114bb727b5df57dce86,
    type: 2}
  m_PrefabInternal: {fileID: 984322890}
  m_GameObject: {fileID: 489488529}
  m_Material: {fileID: 0}
  m_IsTrigger: 0
  m_Enabled: 1
  serializedVersion: 2
  m_Radius: 0.5000001
  m_Center: {x: 0.000000059604645, y: 0, z: -0.00000008940697}
--- !u!33 &489488533
MeshFilter:
  m_ObjectHideFlags: 0
  m_PrefabParentObject: {fileID: 3300020, guid: 996f0228d03f2114bb727b5df57dce86,
    type: 2}
  m_PrefabInternal: {fileID: 984322890}
  m_GameObject: {fileID: 489488529}
  m_Mesh: {fileID: 10207, guid: 0000000000000000e000000000000000, type: 0}
--- !u!1001 &508893046
Prefab:
  m_ObjectHideFlags: 0
  serializedVersion: 2
  m_Modification:
    m_TransformParent: {fileID: 0}
    m_Modifications:
    - target: {fileID: 414936, guid: d99b2876ca206044fbe87b71a1baafd8, type: 2}
      propertyPath: m_LocalPosition.x
      value: 0
      objectReference: {fileID: 0}
    - target: {fileID: 414936, guid: d99b2876ca206044fbe87b71a1baafd8, type: 2}
      propertyPath: m_LocalPosition.y
      value: -.75999999
      objectReference: {fileID: 0}
    - target: {fileID: 414936, guid: d99b2876ca206044fbe87b71a1baafd8, type: 2}
      propertyPath: m_LocalPosition.z
      value: -5
      objectReference: {fileID: 0}
    - target: {fileID: 414936, guid: d99b2876ca206044fbe87b71a1baafd8, type: 2}
      propertyPath: m_LocalRotation.x
      value: 0
      objectReference: {fileID: 0}
    - target: {fileID: 414936, guid: d99b2876ca206044fbe87b71a1baafd8, type: 2}
      propertyPath: m_LocalRotation.y
      value: 0
      objectReference: {fileID: 0}
    - target: {fileID: 414936, guid: d99b2876ca206044fbe87b71a1baafd8, type: 2}
      propertyPath: m_LocalRotation.z
      value: 0
      objectReference: {fileID: 0}
    - target: {fileID: 414936, guid: d99b2876ca206044fbe87b71a1baafd8, type: 2}
      propertyPath: m_LocalRotation.w
      value: 1
      objectReference: {fileID: 0}
    - target: {fileID: 414936, guid: d99b2876ca206044fbe87b71a1baafd8, type: 2}
      propertyPath: m_RootOrder
      value: 7
      objectReference: {fileID: 0}
    - target: {fileID: 102550, guid: d99b2876ca206044fbe87b71a1baafd8, type: 2}
      propertyPath: m_Name
      value: Floor
      objectReference: {fileID: 0}
    - target: {fileID: 102550, guid: d99b2876ca206044fbe87b71a1baafd8, type: 2}
      propertyPath: m_TagString
      value: Floor
      objectReference: {fileID: 0}
    - target: {fileID: 2385314, guid: d99b2876ca206044fbe87b71a1baafd8, type: 2}
      propertyPath: m_Enabled
      value: 1
      objectReference: {fileID: 0}
    m_RemovedComponents:
    - {fileID: 6483910, guid: d99b2876ca206044fbe87b71a1baafd8, type: 2}
  m_ParentPrefab: {fileID: 100100000, guid: d99b2876ca206044fbe87b71a1baafd8, type: 2}
  m_RootGameObject: {fileID: 173881600}
  m_IsPrefabParent: 0
--- !u!1 &526054311
GameObject:
  m_ObjectHideFlags: 0
  m_PrefabParentObject: {fileID: 0}
  m_PrefabInternal: {fileID: 0}
  serializedVersion: 4
  m_Component:
  - 4: {fileID: 526054313}
  - 114: {fileID: 526054312}
  m_Layer: 0
  m_Name: JumpController
  m_TagString: Untagged
  m_Icon: {fileID: 0}
  m_NavMeshLayer: 0
  m_StaticEditorFlags: 0
  m_IsActive: 1
--- !u!114 &526054312
MonoBehaviour:
  m_ObjectHideFlags: 0
  m_PrefabParentObject: {fileID: 0}
  m_PrefabInternal: {fileID: 0}
  m_GameObject: {fileID: 526054311}
  m_Enabled: 1
  m_EditorHideFlags: 0
  m_Script: {fileID: 11500000, guid: 11bc33f458848804c98bdeee7b70d967, type: 3}
  m_Name: 
  m_EditorClassIdentifier: 
  leftHand: {fileID: 0}
  rightHand: {fileID: 0}
  leftElbow: {fileID: 0}
  rightElbow: {fileID: 0}
  leftFoot: {fileID: 0}
  rightFoot: {fileID: 0}
  floor: {fileID: 173881600}
  score: {fileID: 752338591}
  jumging: 0
  handPositioned: 0
  point: 0
--- !u!4 &526054313
Transform:
  m_ObjectHideFlags: 0
  m_PrefabParentObject: {fileID: 0}
  m_PrefabInternal: {fileID: 0}
  m_GameObject: {fileID: 526054311}
  m_LocalRotation: {x: 0, y: 0, z: 0, w: 1}
  m_LocalPosition: {x: 0, y: 0, z: 0}
  m_LocalScale: {x: 1, y: 1, z: 1}
  m_Children: []
  m_Father: {fileID: 0}
  m_RootOrder: 6
--- !u!1 &558688656
GameObject:
  m_ObjectHideFlags: 0
  m_PrefabParentObject: {fileID: 0}
  m_PrefabInternal: {fileID: 0}
  serializedVersion: 4
  m_Component:
  - 4: {fileID: 558688660}
  - 33: {fileID: 558688659}
  - 64: {fileID: 558688658}
  - 23: {fileID: 558688657}
  - 114: {fileID: 558688661}
  m_Layer: 0
  m_Name: ColorImagePlane
  m_TagString: Untagged
  m_Icon: {fileID: 0}
  m_NavMeshLayer: 0
  m_StaticEditorFlags: 0
  m_IsActive: 1
--- !u!23 &558688657
MeshRenderer:
  m_ObjectHideFlags: 0
  m_PrefabParentObject: {fileID: 0}
  m_PrefabInternal: {fileID: 0}
  m_GameObject: {fileID: 558688656}
  m_Enabled: 1
  m_CastShadows: 1
  m_ReceiveShadows: 1
  m_Materials:
  - {fileID: 10302, guid: 0000000000000000f000000000000000, type: 0}
  m_SubsetIndices: 
  m_StaticBatchRoot: {fileID: 0}
  m_UseLightProbes: 0
  m_ReflectionProbeUsage: 1
  m_ProbeAnchor: {fileID: 0}
  m_ScaleInLightmap: 1
  m_PreserveUVs: 0
  m_IgnoreNormalsForChartDetection: 0
  m_ImportantGI: 0
  m_MinimumChartSize: 4
  m_AutoUVMaxDistance: 0.5
  m_AutoUVMaxAngle: 89
  m_LightmapParameters: {fileID: 0}
  m_SortingLayerID: 0
  m_SortingOrder: 0
--- !u!64 &558688658
MeshCollider:
  m_ObjectHideFlags: 0
  m_PrefabParentObject: {fileID: 0}
  m_PrefabInternal: {fileID: 0}
  m_GameObject: {fileID: 558688656}
  m_Material: {fileID: 0}
  m_IsTrigger: 0
  m_Enabled: 1
  serializedVersion: 2
  m_Convex: 0
  m_Mesh: {fileID: 10209, guid: 0000000000000000e000000000000000, type: 0}
--- !u!33 &558688659
MeshFilter:
  m_ObjectHideFlags: 0
  m_PrefabParentObject: {fileID: 0}
  m_PrefabInternal: {fileID: 0}
  m_GameObject: {fileID: 558688656}
  m_Mesh: {fileID: 10209, guid: 0000000000000000e000000000000000, type: 0}
--- !u!4 &558688660
Transform:
  m_ObjectHideFlags: 0
  m_PrefabParentObject: {fileID: 0}
  m_PrefabInternal: {fileID: 0}
  m_GameObject: {fileID: 558688656}
  m_LocalRotation: {x: -0.7071068, y: 0, z: 0, w: 0.7071068}
  m_LocalPosition: {x: 20, y: -5.124714, z: 30}
  m_LocalScale: {x: 1.3845272, y: 1, z: 1}
  m_Children: []
  m_Father: {fileID: 0}
  m_RootOrder: 3
--- !u!114 &558688661
MonoBehaviour:
  m_ObjectHideFlags: 0
  m_PrefabParentObject: {fileID: 0}
  m_PrefabInternal: {fileID: 0}
  m_GameObject: {fileID: 558688656}
  m_Enabled: 1
  m_EditorHideFlags: 0
  m_Script: {fileID: 11500000, guid: 72e6a42e231ce934c9ed92eb08704b00, type: 3}
  m_Name: 
  m_EditorClassIdentifier: 
  devOrEmu: {fileID: 155010544}
--- !u!1 &646565911
GameObject:
  m_ObjectHideFlags: 0
  m_PrefabParentObject: {fileID: 100010, guid: 996f0228d03f2114bb727b5df57dce86, type: 2}
  m_PrefabInternal: {fileID: 984322890}
  serializedVersion: 4
  m_Component:
  - 4: {fileID: 646565912}
  - 33: {fileID: 646565915}
  - 135: {fileID: 646565914}
  - 23: {fileID: 646565913}
  m_Layer: 0
  m_Name: 32_Ankle_Left
  m_TagString: Untagged
  m_Icon: {fileID: 0}
  m_NavMeshLayer: 0
  m_StaticEditorFlags: 0
  m_IsActive: 1
--- !u!4 &646565912
Transform:
  m_ObjectHideFlags: 0
  m_PrefabParentObject: {fileID: 400010, guid: 996f0228d03f2114bb727b5df57dce86, type: 2}
  m_PrefabInternal: {fileID: 984322890}
  m_GameObject: {fileID: 646565911}
  m_LocalRotation: {x: 0, y: 0, z: 0, w: 1}
  m_LocalPosition: {x: 0, y: 0, z: 0}
  m_LocalScale: {x: 0.1, y: 0.1, z: 0.1}
  m_Children: []
  m_Father: {fileID: 1244153235}
  m_RootOrder: 16
--- !u!23 &646565913
MeshRenderer:
  m_ObjectHideFlags: 0
  m_PrefabParentObject: {fileID: 2300010, guid: 996f0228d03f2114bb727b5df57dce86,
    type: 2}
  m_PrefabInternal: {fileID: 984322890}
  m_GameObject: {fileID: 646565911}
  m_Enabled: 1
  m_CastShadows: 1
  m_ReceiveShadows: 1
  m_Materials:
  - {fileID: 10302, guid: 0000000000000000f000000000000000, type: 0}
  m_SubsetIndices: 
  m_StaticBatchRoot: {fileID: 0}
  m_UseLightProbes: 0
  m_ReflectionProbeUsage: 1
  m_ProbeAnchor: {fileID: 0}
  m_ScaleInLightmap: 1
  m_PreserveUVs: 0
  m_IgnoreNormalsForChartDetection: 0
  m_ImportantGI: 0
  m_MinimumChartSize: 4
  m_AutoUVMaxDistance: 0.5
  m_AutoUVMaxAngle: 89
  m_LightmapParameters: {fileID: 0}
  m_SortingLayerID: 0
  m_SortingOrder: 0
--- !u!135 &646565914
SphereCollider:
  m_ObjectHideFlags: 0
  m_PrefabParentObject: {fileID: 13500010, guid: 996f0228d03f2114bb727b5df57dce86,
    type: 2}
  m_PrefabInternal: {fileID: 984322890}
  m_GameObject: {fileID: 646565911}
  m_Material: {fileID: 0}
  m_IsTrigger: 0
  m_Enabled: 1
  serializedVersion: 2
  m_Radius: 0.5000001
  m_Center: {x: 0.000000059604645, y: 0, z: -0.00000008940697}
--- !u!33 &646565915
MeshFilter:
  m_ObjectHideFlags: 0
  m_PrefabParentObject: {fileID: 3300010, guid: 996f0228d03f2114bb727b5df57dce86,
    type: 2}
  m_PrefabInternal: {fileID: 984322890}
  m_GameObject: {fileID: 646565911}
  m_Mesh: {fileID: 10207, guid: 0000000000000000e000000000000000, type: 0}
--- !u!1 &752338590
GameObject:
  m_ObjectHideFlags: 0
  m_PrefabParentObject: {fileID: 0}
  m_PrefabInternal: {fileID: 0}
  serializedVersion: 4
  m_Component:
  - 4: {fileID: 752338592}
  - 132: {fileID: 752338591}
  m_Layer: 0
  m_Name: Score
  m_TagString: Untagged
  m_Icon: {fileID: 0}
  m_NavMeshLayer: 0
  m_StaticEditorFlags: 0
  m_IsActive: 1
--- !u!132 &752338591
GUIText:
  m_ObjectHideFlags: 0
  m_PrefabParentObject: {fileID: 0}
  m_PrefabInternal: {fileID: 0}
  m_GameObject: {fileID: 752338590}
  m_Enabled: 1
  serializedVersion: 3
  m_Text: Score
  m_Anchor: 0
  m_Alignment: 0
  m_PixelOffset: {x: 0, y: 0}
  m_LineSpacing: 1
  m_TabSize: 3.99
  m_Font: {fileID: 0}
  m_Material: {fileID: 0}
  m_FontSize: 62
  m_FontStyle: 0
  m_Color:
    serializedVersion: 2
    rgba: 4294967295
  m_PixelCorrect: 1
  m_RichText: 1
--- !u!4 &752338592
Transform:
  m_ObjectHideFlags: 0
  m_PrefabParentObject: {fileID: 0}
  m_PrefabInternal: {fileID: 0}
  m_GameObject: {fileID: 752338590}
  m_LocalRotation: {x: 0, y: 0, z: 0, w: 1}
  m_LocalPosition: {x: 0.17, y: 0.84, z: -0.4}
  m_LocalScale: {x: 1, y: 1, z: 1}
  m_Children: []
  m_Father: {fileID: 0}
  m_RootOrder: 8
--- !u!1 &771018059
GameObject:
  m_ObjectHideFlags: 0
  m_PrefabParentObject: {fileID: 100002, guid: 996f0228d03f2114bb727b5df57dce86, type: 2}
  m_PrefabInternal: {fileID: 984322890}
  serializedVersion: 4
  m_Component:
  - 4: {fileID: 771018060}
  - 33: {fileID: 771018063}
  - 135: {fileID: 771018062}
  - 23: {fileID: 771018061}
  m_Layer: 0
  m_Name: 41_Knee_Right
  m_TagString: Untagged
  m_Icon: {fileID: 0}
  m_NavMeshLayer: 0
  m_StaticEditorFlags: 0
  m_IsActive: 1
--- !u!4 &771018060
Transform:
  m_ObjectHideFlags: 0
  m_PrefabParentObject: {fileID: 400002, guid: 996f0228d03f2114bb727b5df57dce86, type: 2}
  m_PrefabInternal: {fileID: 984322890}
  m_GameObject: {fileID: 771018059}
  m_LocalRotation: {x: 0, y: 0, z: 0, w: 1}
  m_LocalPosition: {x: 0, y: 0, z: 0}
  m_LocalScale: {x: 0.1, y: 0.1, z: 0.1}
  m_Children: []
  m_Father: {fileID: 1244153235}
  m_RootOrder: 15
--- !u!23 &771018061
MeshRenderer:
  m_ObjectHideFlags: 0
  m_PrefabParentObject: {fileID: 2300002, guid: 996f0228d03f2114bb727b5df57dce86,
    type: 2}
  m_PrefabInternal: {fileID: 984322890}
  m_GameObject: {fileID: 771018059}
  m_Enabled: 1
  m_CastShadows: 1
  m_ReceiveShadows: 1
  m_Materials:
  - {fileID: 10302, guid: 0000000000000000f000000000000000, type: 0}
  m_SubsetIndices: 
  m_StaticBatchRoot: {fileID: 0}
  m_UseLightProbes: 0
  m_ReflectionProbeUsage: 1
  m_ProbeAnchor: {fileID: 0}
  m_ScaleInLightmap: 1
  m_PreserveUVs: 0
  m_IgnoreNormalsForChartDetection: 0
  m_ImportantGI: 0
  m_MinimumChartSize: 4
  m_AutoUVMaxDistance: 0.5
  m_AutoUVMaxAngle: 89
  m_LightmapParameters: {fileID: 0}
  m_SortingLayerID: 0
  m_SortingOrder: 0
--- !u!135 &771018062
SphereCollider:
  m_ObjectHideFlags: 0
  m_PrefabParentObject: {fileID: 13500002, guid: 996f0228d03f2114bb727b5df57dce86,
    type: 2}
  m_PrefabInternal: {fileID: 984322890}
  m_GameObject: {fileID: 771018059}
  m_Material: {fileID: 0}
  m_IsTrigger: 0
  m_Enabled: 1
  serializedVersion: 2
  m_Radius: 0.5000001
  m_Center: {x: 0.000000059604645, y: 0, z: -0.00000008940697}
--- !u!33 &771018063
MeshFilter:
  m_ObjectHideFlags: 0
  m_PrefabParentObject: {fileID: 3300002, guid: 996f0228d03f2114bb727b5df57dce86,
    type: 2}
  m_PrefabInternal: {fileID: 984322890}
  m_GameObject: {fileID: 771018059}
  m_Mesh: {fileID: 10207, guid: 0000000000000000e000000000000000, type: 0}
--- !u!1 &780475547
GameObject:
  m_ObjectHideFlags: 0
  m_PrefabParentObject: {fileID: 100004, guid: 996f0228d03f2114bb727b5df57dce86, type: 2}
  m_PrefabInternal: {fileID: 984322890}
  serializedVersion: 4
  m_Component:
  - 4: {fileID: 780475548}
  - 33: {fileID: 780475551}
  - 135: {fileID: 780475550}
  - 23: {fileID: 780475549}
  m_Layer: 0
  m_Name: 42_Ankle_Right
  m_TagString: Untagged
  m_Icon: {fileID: 0}
  m_NavMeshLayer: 0
  m_StaticEditorFlags: 0
  m_IsActive: 1
--- !u!4 &780475548
Transform:
  m_ObjectHideFlags: 0
  m_PrefabParentObject: {fileID: 400004, guid: 996f0228d03f2114bb727b5df57dce86, type: 2}
  m_PrefabInternal: {fileID: 984322890}
  m_GameObject: {fileID: 780475547}
  m_LocalRotation: {x: 0, y: 0, z: 0, w: 1}
  m_LocalPosition: {x: 0, y: 0, z: 0}
  m_LocalScale: {x: 0.1, y: 0.1, z: 0.1}
  m_Children: []
  m_Father: {fileID: 1244153235}
  m_RootOrder: 17
--- !u!23 &780475549
MeshRenderer:
  m_ObjectHideFlags: 0
  m_PrefabParentObject: {fileID: 2300004, guid: 996f0228d03f2114bb727b5df57dce86,
    type: 2}
  m_PrefabInternal: {fileID: 984322890}
  m_GameObject: {fileID: 780475547}
  m_Enabled: 1
  m_CastShadows: 1
  m_ReceiveShadows: 1
  m_Materials:
  - {fileID: 10302, guid: 0000000000000000f000000000000000, type: 0}
  m_SubsetIndices: 
  m_StaticBatchRoot: {fileID: 0}
  m_UseLightProbes: 0
  m_ReflectionProbeUsage: 1
  m_ProbeAnchor: {fileID: 0}
  m_ScaleInLightmap: 1
  m_PreserveUVs: 0
  m_IgnoreNormalsForChartDetection: 0
  m_ImportantGI: 0
  m_MinimumChartSize: 4
  m_AutoUVMaxDistance: 0.5
  m_AutoUVMaxAngle: 89
  m_LightmapParameters: {fileID: 0}
  m_SortingLayerID: 0
  m_SortingOrder: 0
--- !u!135 &780475550
SphereCollider:
  m_ObjectHideFlags: 0
  m_PrefabParentObject: {fileID: 13500004, guid: 996f0228d03f2114bb727b5df57dce86,
    type: 2}
  m_PrefabInternal: {fileID: 984322890}
  m_GameObject: {fileID: 780475547}
  m_Material: {fileID: 0}
  m_IsTrigger: 0
  m_Enabled: 1
  serializedVersion: 2
  m_Radius: 0.5000001
  m_Center: {x: 0.000000059604645, y: 0, z: -0.00000008940697}
--- !u!33 &780475551
MeshFilter:
  m_ObjectHideFlags: 0
  m_PrefabParentObject: {fileID: 3300004, guid: 996f0228d03f2114bb727b5df57dce86,
    type: 2}
  m_PrefabInternal: {fileID: 984322890}
  m_GameObject: {fileID: 780475547}
  m_Mesh: {fileID: 10207, guid: 0000000000000000e000000000000000, type: 0}
--- !u!1001 &984322890
Prefab:
  m_ObjectHideFlags: 0
  serializedVersion: 2
  m_Modification:
    m_TransformParent: {fileID: 0}
    m_Modifications:
    - target: {fileID: 400042, guid: 996f0228d03f2114bb727b5df57dce86, type: 2}
      propertyPath: m_LocalPosition.x
      value: 0
      objectReference: {fileID: 0}
    - target: {fileID: 400042, guid: 996f0228d03f2114bb727b5df57dce86, type: 2}
      propertyPath: m_LocalPosition.y
      value: -.600000024
      objectReference: {fileID: 0}
    - target: {fileID: 400042, guid: 996f0228d03f2114bb727b5df57dce86, type: 2}
      propertyPath: m_LocalPosition.z
      value: -5
      objectReference: {fileID: 0}
    - target: {fileID: 400042, guid: 996f0228d03f2114bb727b5df57dce86, type: 2}
      propertyPath: m_LocalRotation.x
      value: 0
      objectReference: {fileID: 0}
    - target: {fileID: 400042, guid: 996f0228d03f2114bb727b5df57dce86, type: 2}
      propertyPath: m_LocalRotation.y
      value: 0
      objectReference: {fileID: 0}
    - target: {fileID: 400042, guid: 996f0228d03f2114bb727b5df57dce86, type: 2}
      propertyPath: m_LocalRotation.z
      value: 0
      objectReference: {fileID: 0}
    - target: {fileID: 400042, guid: 996f0228d03f2114bb727b5df57dce86, type: 2}
      propertyPath: m_LocalRotation.w
      value: 1
      objectReference: {fileID: 0}
    - target: {fileID: 11400000, guid: 996f0228d03f2114bb727b5df57dce86, type: 2}
      propertyPath: sw
      value: 
      objectReference: {fileID: 155010547}
    - target: {fileID: 400042, guid: 996f0228d03f2114bb727b5df57dce86, type: 2}
      propertyPath: m_RootOrder
      value: 3
      objectReference: {fileID: 0}
    - target: {fileID: 13500024, guid: 996f0228d03f2114bb727b5df57dce86, type: 2}
      propertyPath: m_IsTrigger
      value: 0
      objectReference: {fileID: 0}
    - target: {fileID: 13500020, guid: 996f0228d03f2114bb727b5df57dce86, type: 2}
      propertyPath: m_IsTrigger
      value: 0
      objectReference: {fileID: 0}
    - target: {fileID: 400034, guid: 996f0228d03f2114bb727b5df57dce86, type: 2}
      propertyPath: m_RootOrder
      value: 3
      objectReference: {fileID: 0}
    - target: {fileID: 400036, guid: 996f0228d03f2114bb727b5df57dce86, type: 2}
      propertyPath: m_RootOrder
      value: 2
      objectReference: {fileID: 0}
    - target: {fileID: 100042, guid: 996f0228d03f2114bb727b5df57dce86, type: 2}
      propertyPath: m_TagString
      value: Player
      objectReference: {fileID: 0}
    - target: {fileID: 100024, guid: 996f0228d03f2114bb727b5df57dce86, type: 2}
      propertyPath: m_TagString
      value: Hand
      objectReference: {fileID: 0}
    - target: {fileID: 100020, guid: 996f0228d03f2114bb727b5df57dce86, type: 2}
      propertyPath: m_TagString
      value: Hand
      objectReference: {fileID: 0}
    - target: {fileID: 11483472, guid: 996f0228d03f2114bb727b5df57dce86, type: 2}
      propertyPath: sw
      value: 
      objectReference: {fileID: 155010547}
    - target: {fileID: 452144, guid: 996f0228d03f2114bb727b5df57dce86, type: 2}
      propertyPath: m_RootOrder
      value: 0
      objectReference: {fileID: 0}
    - target: {fileID: 174600, guid: 996f0228d03f2114bb727b5df57dce86, type: 2}
      propertyPath: m_TagString
      value: LeftFoot
      objectReference: {fileID: 0}
    - target: {fileID: 166278, guid: 996f0228d03f2114bb727b5df57dce86, type: 2}
      propertyPath: m_TagString
      value: RightFoot
      objectReference: {fileID: 0}
    m_RemovedComponents: []
  m_ParentPrefab: {fileID: 100100000, guid: 996f0228d03f2114bb727b5df57dce86, type: 2}
  m_RootGameObject: {fileID: 1244153233}
  m_IsPrefabParent: 0
--- !u!1 &1082752994
GameObject:
  m_ObjectHideFlags: 0
  m_PrefabParentObject: {fileID: 100006, guid: 996f0228d03f2114bb727b5df57dce86, type: 2}
  m_PrefabInternal: {fileID: 984322890}
  serializedVersion: 4
  m_Component:
  - 4: {fileID: 1082752995}
  - 33: {fileID: 1082752998}
  - 135: {fileID: 1082752997}
  - 23: {fileID: 1082752996}
  m_Layer: 0
  m_Name: 43_Foot_Right
  m_TagString: Untagged
  m_Icon: {fileID: 0}
  m_NavMeshLayer: 0
  m_StaticEditorFlags: 0
  m_IsActive: 1
--- !u!4 &1082752995
Transform:
  m_ObjectHideFlags: 0
  m_PrefabParentObject: {fileID: 400006, guid: 996f0228d03f2114bb727b5df57dce86, type: 2}
  m_PrefabInternal: {fileID: 984322890}
  m_GameObject: {fileID: 1082752994}
  m_LocalRotation: {x: 0, y: 0, z: 0, w: 1}
  m_LocalPosition: {x: 0, y: 0, z: 0}
  m_LocalScale: {x: 0.1, y: 0.1, z: 0.1}
  m_Children: []
  m_Father: {fileID: 1244153235}
  m_RootOrder: 19
--- !u!23 &1082752996
MeshRenderer:
  m_ObjectHideFlags: 0
  m_PrefabParentObject: {fileID: 2300006, guid: 996f0228d03f2114bb727b5df57dce86,
    type: 2}
  m_PrefabInternal: {fileID: 984322890}
  m_GameObject: {fileID: 1082752994}
  m_Enabled: 1
  m_CastShadows: 1
  m_ReceiveShadows: 1
  m_Materials:
  - {fileID: 10302, guid: 0000000000000000f000000000000000, type: 0}
  m_SubsetIndices: 
  m_StaticBatchRoot: {fileID: 0}
  m_UseLightProbes: 0
  m_ReflectionProbeUsage: 1
  m_ProbeAnchor: {fileID: 0}
  m_ScaleInLightmap: 1
  m_PreserveUVs: 0
  m_IgnoreNormalsForChartDetection: 0
  m_ImportantGI: 0
  m_MinimumChartSize: 4
  m_AutoUVMaxDistance: 0.5
  m_AutoUVMaxAngle: 89
  m_LightmapParameters: {fileID: 0}
  m_SortingLayerID: 0
  m_SortingOrder: 0
--- !u!135 &1082752997
SphereCollider:
  m_ObjectHideFlags: 0
  m_PrefabParentObject: {fileID: 13500006, guid: 996f0228d03f2114bb727b5df57dce86,
    type: 2}
  m_PrefabInternal: {fileID: 984322890}
  m_GameObject: {fileID: 1082752994}
  m_Material: {fileID: 0}
  m_IsTrigger: 0
  m_Enabled: 1
  serializedVersion: 2
  m_Radius: 0.5000001
  m_Center: {x: 0.000000059604645, y: 0, z: -0.00000008940697}
--- !u!33 &1082752998
MeshFilter:
  m_ObjectHideFlags: 0
  m_PrefabParentObject: {fileID: 3300006, guid: 996f0228d03f2114bb727b5df57dce86,
    type: 2}
  m_PrefabInternal: {fileID: 984322890}
  m_GameObject: {fileID: 1082752994}
  m_Mesh: {fileID: 10207, guid: 0000000000000000e000000000000000, type: 0}
--- !u!1 &1230862470
GameObject:
  m_ObjectHideFlags: 0
  m_PrefabParentObject: {fileID: 100008, guid: 996f0228d03f2114bb727b5df57dce86, type: 2}
  m_PrefabInternal: {fileID: 984322890}
  serializedVersion: 4
  m_Component:
  - 4: {fileID: 1230862471}
  - 33: {fileID: 1230862474}
  - 135: {fileID: 1230862473}
  - 23: {fileID: 1230862472}
  m_Layer: 0
  m_Name: 33_Foot_Left
  m_TagString: Untagged
  m_Icon: {fileID: 0}
  m_NavMeshLayer: 0
  m_StaticEditorFlags: 0
  m_IsActive: 1
--- !u!4 &1230862471
Transform:
  m_ObjectHideFlags: 0
  m_PrefabParentObject: {fileID: 400008, guid: 996f0228d03f2114bb727b5df57dce86, type: 2}
  m_PrefabInternal: {fileID: 984322890}
  m_GameObject: {fileID: 1230862470}
  m_LocalRotation: {x: 0, y: 0, z: 0, w: 1}
  m_LocalPosition: {x: 0, y: 0, z: 0}
  m_LocalScale: {x: 0.1, y: 0.1, z: 0.1}
  m_Children: []
  m_Father: {fileID: 1244153235}
  m_RootOrder: 18
--- !u!23 &1230862472
MeshRenderer:
  m_ObjectHideFlags: 0
  m_PrefabParentObject: {fileID: 2300008, guid: 996f0228d03f2114bb727b5df57dce86,
    type: 2}
  m_PrefabInternal: {fileID: 984322890}
  m_GameObject: {fileID: 1230862470}
  m_Enabled: 1
  m_CastShadows: 1
  m_ReceiveShadows: 1
  m_Materials:
  - {fileID: 10302, guid: 0000000000000000f000000000000000, type: 0}
  m_SubsetIndices: 
  m_StaticBatchRoot: {fileID: 0}
  m_UseLightProbes: 0
  m_ReflectionProbeUsage: 1
  m_ProbeAnchor: {fileID: 0}
  m_ScaleInLightmap: 1
  m_PreserveUVs: 0
  m_IgnoreNormalsForChartDetection: 0
  m_ImportantGI: 0
  m_MinimumChartSize: 4
  m_AutoUVMaxDistance: 0.5
  m_AutoUVMaxAngle: 89
  m_LightmapParameters: {fileID: 0}
  m_SortingLayerID: 0
  m_SortingOrder: 0
--- !u!135 &1230862473
SphereCollider:
  m_ObjectHideFlags: 0
  m_PrefabParentObject: {fileID: 13500008, guid: 996f0228d03f2114bb727b5df57dce86,
    type: 2}
  m_PrefabInternal: {fileID: 984322890}
  m_GameObject: {fileID: 1230862470}
  m_Material: {fileID: 0}
  m_IsTrigger: 0
  m_Enabled: 1
  serializedVersion: 2
  m_Radius: 0.5000001
  m_Center: {x: 0.000000059604645, y: 0, z: -0.00000008940697}
--- !u!33 &1230862474
MeshFilter:
  m_ObjectHideFlags: 0
  m_PrefabParentObject: {fileID: 3300008, guid: 996f0228d03f2114bb727b5df57dce86,
    type: 2}
  m_PrefabInternal: {fileID: 984322890}
  m_GameObject: {fileID: 1230862470}
  m_Mesh: {fileID: 10207, guid: 0000000000000000e000000000000000, type: 0}
--- !u!1 &1244153233
GameObject:
  m_ObjectHideFlags: 0
  m_PrefabParentObject: {fileID: 100042, guid: 996f0228d03f2114bb727b5df57dce86, type: 2}
  m_PrefabInternal: {fileID: 984322890}
  serializedVersion: 4
  m_Component:
  - 4: {fileID: 1244153235}
  - 114: {fileID: 1244153234}
  m_Layer: 0
  m_Name: KinectPointMan
  m_TagString: Player
  m_Icon: {fileID: 0}
  m_NavMeshLayer: 0
  m_StaticEditorFlags: 0
  m_IsActive: 1
--- !u!114 &1244153234
MonoBehaviour:
  m_ObjectHideFlags: 0
  m_PrefabParentObject: {fileID: 11400000, guid: 996f0228d03f2114bb727b5df57dce86,
    type: 2}
  m_PrefabInternal: {fileID: 984322890}
  m_GameObject: {fileID: 1244153233}
  m_Enabled: 1
  m_EditorHideFlags: 0
  m_Script: {fileID: 0}
  m_Name: 
  m_EditorClassIdentifier: 
--- !u!4 &1244153235
Transform:
  m_ObjectHideFlags: 0
  m_PrefabParentObject: {fileID: 400042, guid: 996f0228d03f2114bb727b5df57dce86, type: 2}
  m_PrefabInternal: {fileID: 984322890}
  m_GameObject: {fileID: 1244153233}
  m_LocalRotation: {x: 0, y: 0, z: 0, w: 1}
  m_LocalPosition: {x: 0, y: -0.6, z: -5}
  m_LocalScale: {x: 1, y: 1, z: 1}
  m_Children:
  - {fileID: 431167815}
  - {fileID: 2142638873}
  - {fileID: 2062024089}
  - {fileID: 2029620092}
  - {fileID: 1783731791}
  - {fileID: 2059402602}
  - {fileID: 124824986}
  - {fileID: 1923875542}
  - {fileID: 2125322875}
  - {fileID: 1361416941}
  - {fileID: 489488530}
  - {fileID: 1792854577}
  - {fileID: 1640619480}
  - {fileID: 162049438}
  - {fileID: 265230652}
  - {fileID: 771018060}
  - {fileID: 646565912}
  - {fileID: 780475548}
  - {fileID: 1230862471}
  - {fileID: 1082752995}
  m_Father: {fileID: 0}
  m_RootOrder: 2
--- !u!1 &1273516964
GameObject:
  m_ObjectHideFlags: 0
  m_PrefabParentObject: {fileID: 0}
  m_PrefabInternal: {fileID: 0}
  serializedVersion: 4
  m_Component:
  - 4: {fileID: 1273516968}
  - 114: {fileID: 1273516967}
  - 114: {fileID: 1273516966}
  - 114: {fileID: 1273516965}
  m_Layer: 0
  m_Name: EventSystem
  m_TagString: Untagged
  m_Icon: {fileID: 0}
  m_NavMeshLayer: 0
  m_StaticEditorFlags: 0
  m_IsActive: 1
--- !u!114 &1273516965
MonoBehaviour:
  m_ObjectHideFlags: 0
  m_PrefabParentObject: {fileID: 0}
  m_PrefabInternal: {fileID: 0}
  m_GameObject: {fileID: 1273516964}
  m_Enabled: 1
  m_EditorHideFlags: 0
  m_Script: {fileID: 1997211142, guid: f5f67c52d1564df4a8936ccd202a3bd8, type: 3}
  m_Name: 
  m_EditorClassIdentifier: 
  m_ForceModuleActive: 0
--- !u!114 &1273516966
MonoBehaviour:
  m_ObjectHideFlags: 0
  m_PrefabParentObject: {fileID: 0}
  m_PrefabInternal: {fileID: 0}
  m_GameObject: {fileID: 1273516964}
  m_Enabled: 1
  m_EditorHideFlags: 0
  m_Script: {fileID: 1077351063, guid: f5f67c52d1564df4a8936ccd202a3bd8, type: 3}
  m_Name: 
  m_EditorClassIdentifier: 
  m_HorizontalAxis: Horizontal
  m_VerticalAxis: Vertical
  m_SubmitButton: Submit
  m_CancelButton: Cancel
  m_InputActionsPerSecond: 10
  m_RepeatDelay: 0.5
  m_ForceModuleActive: 0
--- !u!114 &1273516967
MonoBehaviour:
  m_ObjectHideFlags: 0
  m_PrefabParentObject: {fileID: 0}
  m_PrefabInternal: {fileID: 0}
  m_GameObject: {fileID: 1273516964}
  m_Enabled: 1
  m_EditorHideFlags: 0
  m_Script: {fileID: -619905303, guid: f5f67c52d1564df4a8936ccd202a3bd8, type: 3}
  m_Name: 
  m_EditorClassIdentifier: 
  m_FirstSelected: {fileID: 0}
  m_sendNavigationEvents: 1
  m_DragThreshold: 5
--- !u!4 &1273516968
Transform:
  m_ObjectHideFlags: 0
  m_PrefabParentObject: {fileID: 0}
  m_PrefabInternal: {fileID: 0}
  m_GameObject: {fileID: 1273516964}
  m_LocalRotation: {x: 0, y: 0, z: 0, w: 1}
  m_LocalPosition: {x: 0, y: 0, z: 0}
  m_LocalScale: {x: 1, y: 1, z: 1}
  m_Children: []
  m_Father: {fileID: 0}
  m_RootOrder: 5
--- !u!1 &1361416940
GameObject:
  m_ObjectHideFlags: 0
  m_PrefabParentObject: {fileID: 100024, guid: 996f0228d03f2114bb727b5df57dce86, type: 2}
  m_PrefabInternal: {fileID: 984322890}
  serializedVersion: 4
  m_Component:
  - 4: {fileID: 1361416941}
  - 33: {fileID: 1361416944}
  - 135: {fileID: 1361416943}
  - 23: {fileID: 1361416942}
  m_Layer: 0
  m_Name: 13_Hand_Left
  m_TagString: Hand
  m_Icon: {fileID: 0}
  m_NavMeshLayer: 0
  m_StaticEditorFlags: 0
  m_IsActive: 1
--- !u!4 &1361416941
Transform:
  m_ObjectHideFlags: 0
  m_PrefabParentObject: {fileID: 400024, guid: 996f0228d03f2114bb727b5df57dce86, type: 2}
  m_PrefabInternal: {fileID: 984322890}
  m_GameObject: {fileID: 1361416940}
  m_LocalRotation: {x: 0, y: 0, z: 0, w: 1}
  m_LocalPosition: {x: 0, y: 0, z: 0}
  m_LocalScale: {x: 0.1, y: 0.1, z: 0.1}
  m_Children: []
  m_Father: {fileID: 1244153235}
  m_RootOrder: 9
--- !u!23 &1361416942
MeshRenderer:
  m_ObjectHideFlags: 0
  m_PrefabParentObject: {fileID: 2300024, guid: 996f0228d03f2114bb727b5df57dce86,
    type: 2}
  m_PrefabInternal: {fileID: 984322890}
  m_GameObject: {fileID: 1361416940}
  m_Enabled: 1
  m_CastShadows: 1
  m_ReceiveShadows: 1
  m_Materials:
  - {fileID: 10302, guid: 0000000000000000f000000000000000, type: 0}
  m_SubsetIndices: 
  m_StaticBatchRoot: {fileID: 0}
  m_UseLightProbes: 0
  m_ReflectionProbeUsage: 1
  m_ProbeAnchor: {fileID: 0}
  m_ScaleInLightmap: 1
  m_PreserveUVs: 0
  m_IgnoreNormalsForChartDetection: 0
  m_ImportantGI: 0
  m_MinimumChartSize: 4
  m_AutoUVMaxDistance: 0.5
  m_AutoUVMaxAngle: 89
  m_LightmapParameters: {fileID: 0}
  m_SortingLayerID: 0
  m_SortingOrder: 0
--- !u!135 &1361416943
SphereCollider:
  m_ObjectHideFlags: 0
  m_PrefabParentObject: {fileID: 13500024, guid: 996f0228d03f2114bb727b5df57dce86,
    type: 2}
  m_PrefabInternal: {fileID: 984322890}
  m_GameObject: {fileID: 1361416940}
  m_Material: {fileID: 0}
  m_IsTrigger: 0
  m_Enabled: 1
  serializedVersion: 2
  m_Radius: 0.5000001
  m_Center: {x: 0.000000059604645, y: 0, z: -0.00000008940697}
--- !u!33 &1361416944
MeshFilter:
  m_ObjectHideFlags: 0
  m_PrefabParentObject: {fileID: 3300024, guid: 996f0228d03f2114bb727b5df57dce86,
    type: 2}
  m_PrefabInternal: {fileID: 984322890}
  m_GameObject: {fileID: 1361416940}
  m_Mesh: {fileID: 10207, guid: 0000000000000000e000000000000000, type: 0}
--- !u!1 &1442144151
GameObject:
  m_ObjectHideFlags: 0
  m_PrefabParentObject: {fileID: 0}
  m_PrefabInternal: {fileID: 0}
  serializedVersion: 4
  m_Component:
  - 4: {fileID: 1442144155}
  - 33: {fileID: 1442144154}
  - 64: {fileID: 1442144153}
  - 23: {fileID: 1442144152}
  - 114: {fileID: 1442144156}
  m_Layer: 0
  m_Name: DepthImagePlane
  m_TagString: Untagged
  m_Icon: {fileID: 0}
  m_NavMeshLayer: 0
  m_StaticEditorFlags: 0
  m_IsActive: 1
--- !u!23 &1442144152
MeshRenderer:
  m_ObjectHideFlags: 0
  m_PrefabParentObject: {fileID: 0}
  m_PrefabInternal: {fileID: 0}
  m_GameObject: {fileID: 1442144151}
  m_Enabled: 1
  m_CastShadows: 1
  m_ReceiveShadows: 1
  m_Materials:
  - {fileID: 10302, guid: 0000000000000000f000000000000000, type: 0}
  m_SubsetIndices: 
  m_StaticBatchRoot: {fileID: 0}
  m_UseLightProbes: 0
  m_ReflectionProbeUsage: 1
  m_ProbeAnchor: {fileID: 0}
  m_ScaleInLightmap: 1
  m_PreserveUVs: 0
  m_IgnoreNormalsForChartDetection: 0
  m_ImportantGI: 0
  m_MinimumChartSize: 4
  m_AutoUVMaxDistance: 0.5
  m_AutoUVMaxAngle: 89
  m_LightmapParameters: {fileID: 0}
  m_SortingLayerID: 0
  m_SortingOrder: 0
--- !u!64 &1442144153
MeshCollider:
  m_ObjectHideFlags: 0
  m_PrefabParentObject: {fileID: 0}
  m_PrefabInternal: {fileID: 0}
  m_GameObject: {fileID: 1442144151}
  m_Material: {fileID: 0}
  m_IsTrigger: 0
  m_Enabled: 1
  serializedVersion: 2
  m_Convex: 0
  m_Mesh: {fileID: 10209, guid: 0000000000000000e000000000000000, type: 0}
--- !u!33 &1442144154
MeshFilter:
  m_ObjectHideFlags: 0
  m_PrefabParentObject: {fileID: 0}
  m_PrefabInternal: {fileID: 0}
  m_GameObject: {fileID: 1442144151}
  m_Mesh: {fileID: 10209, guid: 0000000000000000e000000000000000, type: 0}
--- !u!4 &1442144155
Transform:
  m_ObjectHideFlags: 0
  m_PrefabParentObject: {fileID: 0}
  m_PrefabInternal: {fileID: 0}
  m_GameObject: {fileID: 1442144151}
  m_LocalRotation: {x: -0.7071068, y: 0, z: 0, w: 0.7071068}
  m_LocalPosition: {x: 20, y: 6.2105722, z: 30}
  m_LocalScale: {x: 1.3845272, y: 1, z: 1}
  m_Children: []
  m_Father: {fileID: 0}
  m_RootOrder: 0
--- !u!114 &1442144156
MonoBehaviour:
  m_ObjectHideFlags: 0
  m_PrefabParentObject: {fileID: 0}
  m_PrefabInternal: {fileID: 0}
  m_GameObject: {fileID: 1442144151}
  m_Enabled: 1
  m_EditorHideFlags: 0
  m_Script: {fileID: 11500000, guid: a1702090c5d6be349a229cdf8b9d9512, type: 3}
  m_Name: 
  m_EditorClassIdentifier: 
  dw: {fileID: 155010548}
--- !u!1 &1640619479
GameObject:
  m_ObjectHideFlags: 0
  m_PrefabParentObject: {fileID: 100014, guid: 996f0228d03f2114bb727b5df57dce86, type: 2}
  m_PrefabInternal: {fileID: 984322890}
  serializedVersion: 4
  m_Component:
  - 4: {fileID: 1640619480}
  - 33: {fileID: 1640619483}
  - 135: {fileID: 1640619482}
  - 23: {fileID: 1640619481}
  m_Layer: 0
  m_Name: 30_Hip_Left
  m_TagString: Untagged
  m_Icon: {fileID: 0}
  m_NavMeshLayer: 0
  m_StaticEditorFlags: 0
  m_IsActive: 1
--- !u!4 &1640619480
Transform:
  m_ObjectHideFlags: 0
  m_PrefabParentObject: {fileID: 400014, guid: 996f0228d03f2114bb727b5df57dce86, type: 2}
  m_PrefabInternal: {fileID: 984322890}
  m_GameObject: {fileID: 1640619479}
  m_LocalRotation: {x: 0, y: 0, z: 0, w: 1}
  m_LocalPosition: {x: 0, y: 0, z: 0}
  m_LocalScale: {x: 0.1, y: 0.1, z: 0.1}
  m_Children: []
  m_Father: {fileID: 1244153235}
  m_RootOrder: 12
--- !u!23 &1640619481
MeshRenderer:
  m_ObjectHideFlags: 0
  m_PrefabParentObject: {fileID: 2300014, guid: 996f0228d03f2114bb727b5df57dce86,
    type: 2}
  m_PrefabInternal: {fileID: 984322890}
  m_GameObject: {fileID: 1640619479}
  m_Enabled: 1
  m_CastShadows: 1
  m_ReceiveShadows: 1
  m_Materials:
  - {fileID: 10302, guid: 0000000000000000f000000000000000, type: 0}
  m_SubsetIndices: 
  m_StaticBatchRoot: {fileID: 0}
  m_UseLightProbes: 0
  m_ReflectionProbeUsage: 1
  m_ProbeAnchor: {fileID: 0}
  m_ScaleInLightmap: 1
  m_PreserveUVs: 0
  m_IgnoreNormalsForChartDetection: 0
  m_ImportantGI: 0
  m_MinimumChartSize: 4
  m_AutoUVMaxDistance: 0.5
  m_AutoUVMaxAngle: 89
  m_LightmapParameters: {fileID: 0}
  m_SortingLayerID: 0
  m_SortingOrder: 0
--- !u!135 &1640619482
SphereCollider:
  m_ObjectHideFlags: 0
  m_PrefabParentObject: {fileID: 13500014, guid: 996f0228d03f2114bb727b5df57dce86,
    type: 2}
  m_PrefabInternal: {fileID: 984322890}
  m_GameObject: {fileID: 1640619479}
  m_Material: {fileID: 0}
  m_IsTrigger: 0
  m_Enabled: 1
  serializedVersion: 2
  m_Radius: 0.5000001
  m_Center: {x: 0.000000059604645, y: 0, z: -0.00000008940697}
--- !u!33 &1640619483
MeshFilter:
  m_ObjectHideFlags: 0
  m_PrefabParentObject: {fileID: 3300014, guid: 996f0228d03f2114bb727b5df57dce86,
    type: 2}
  m_PrefabInternal: {fileID: 984322890}
  m_GameObject: {fileID: 1640619479}
  m_Mesh: {fileID: 10207, guid: 0000000000000000e000000000000000, type: 0}
--- !u!1 &1641963490
GameObject:
  m_ObjectHideFlags: 0
  m_PrefabParentObject: {fileID: 0}
  m_PrefabInternal: {fileID: 0}
  serializedVersion: 4
  m_Component:
  - 4: {fileID: 1641963495}
  - 20: {fileID: 1641963494}
  - 92: {fileID: 1641963493}
  - 124: {fileID: 1641963492}
  - 81: {fileID: 1641963491}
  m_Layer: 0
  m_Name: Main Camera
  m_TagString: MainCamera
  m_Icon: {fileID: 0}
  m_NavMeshLayer: 0
  m_StaticEditorFlags: 0
  m_IsActive: 1
--- !u!81 &1641963491
AudioListener:
  m_ObjectHideFlags: 0
  m_PrefabParentObject: {fileID: 0}
  m_PrefabInternal: {fileID: 0}
  m_GameObject: {fileID: 1641963490}
  m_Enabled: 1
--- !u!124 &1641963492
Behaviour:
  m_ObjectHideFlags: 0
  m_PrefabParentObject: {fileID: 0}
  m_PrefabInternal: {fileID: 0}
  m_GameObject: {fileID: 1641963490}
  m_Enabled: 1
--- !u!92 &1641963493
Behaviour:
  m_ObjectHideFlags: 0
  m_PrefabParentObject: {fileID: 0}
  m_PrefabInternal: {fileID: 0}
  m_GameObject: {fileID: 1641963490}
  m_Enabled: 1
--- !u!20 &1641963494
Camera:
  m_ObjectHideFlags: 0
  m_PrefabParentObject: {fileID: 0}
  m_PrefabInternal: {fileID: 0}
  m_GameObject: {fileID: 1641963490}
  m_Enabled: 1
  serializedVersion: 2
  m_ClearFlags: 1
  m_BackGroundColor: {r: 0.19215687, g: 0.3019608, b: 0.4745098, a: 0.019607844}
  m_NormalizedViewPortRect:
    serializedVersion: 2
    x: 0
    y: 0
    width: 1
    height: 1
  near clip plane: 0.3
  far clip plane: 1000
  field of view: 60
  orthographic: 0
  orthographic size: 100
  m_Depth: -1
  m_CullingMask:
    serializedVersion: 2
    m_Bits: 4294967295
  m_RenderingPath: -1
  m_TargetTexture: {fileID: 0}
  m_TargetDisplay: 0
  m_TargetEye: 3
  m_HDR: 0
  m_OcclusionCulling: 1
  m_StereoConvergence: 10
  m_StereoSeparation: 0.022
  m_StereoMirrorMode: 0
--- !u!4 &1641963495
Transform:
  m_ObjectHideFlags: 0
  m_PrefabParentObject: {fileID: 0}
  m_PrefabInternal: {fileID: 0}
  m_GameObject: {fileID: 1641963490}
  m_LocalRotation: {x: 0, y: 0, z: 0, w: 1}
  m_LocalPosition: {x: 0, y: 0, z: -10}
  m_LocalScale: {x: 1, y: 1, z: 1}
  m_Children: []
  m_Father: {fileID: 0}
  m_RootOrder: 4
--- !u!1 &1783731790
GameObject:
  m_ObjectHideFlags: 0
  m_PrefabParentObject: {fileID: 100030, guid: 996f0228d03f2114bb727b5df57dce86, type: 2}
  m_PrefabInternal: {fileID: 984322890}
  serializedVersion: 4
  m_Component:
  - 4: {fileID: 1783731791}
  - 33: {fileID: 1783731794}
  - 135: {fileID: 1783731793}
  - 23: {fileID: 1783731792}
  m_Layer: 0
  m_Name: 10_Shoulder_Left
  m_TagString: Untagged
  m_Icon: {fileID: 0}
  m_NavMeshLayer: 0
  m_StaticEditorFlags: 0
  m_IsActive: 1
--- !u!4 &1783731791
Transform:
  m_ObjectHideFlags: 0
  m_PrefabParentObject: {fileID: 400030, guid: 996f0228d03f2114bb727b5df57dce86, type: 2}
  m_PrefabInternal: {fileID: 984322890}
  m_GameObject: {fileID: 1783731790}
  m_LocalRotation: {x: 0, y: 0, z: 0, w: 1}
  m_LocalPosition: {x: 0, y: 0, z: 0}
  m_LocalScale: {x: 0.1, y: 0.1, z: 0.1}
  m_Children: []
  m_Father: {fileID: 1244153235}
  m_RootOrder: 4
--- !u!23 &1783731792
MeshRenderer:
  m_ObjectHideFlags: 0
  m_PrefabParentObject: {fileID: 2300030, guid: 996f0228d03f2114bb727b5df57dce86,
    type: 2}
  m_PrefabInternal: {fileID: 984322890}
  m_GameObject: {fileID: 1783731790}
  m_Enabled: 1
  m_CastShadows: 1
  m_ReceiveShadows: 1
  m_Materials:
  - {fileID: 10302, guid: 0000000000000000f000000000000000, type: 0}
  m_SubsetIndices: 
  m_StaticBatchRoot: {fileID: 0}
  m_UseLightProbes: 0
  m_ReflectionProbeUsage: 1
  m_ProbeAnchor: {fileID: 0}
  m_ScaleInLightmap: 1
  m_PreserveUVs: 0
  m_IgnoreNormalsForChartDetection: 0
  m_ImportantGI: 0
  m_MinimumChartSize: 4
  m_AutoUVMaxDistance: 0.5
  m_AutoUVMaxAngle: 89
  m_LightmapParameters: {fileID: 0}
  m_SortingLayerID: 0
  m_SortingOrder: 0
--- !u!135 &1783731793
SphereCollider:
  m_ObjectHideFlags: 0
  m_PrefabParentObject: {fileID: 13500030, guid: 996f0228d03f2114bb727b5df57dce86,
    type: 2}
  m_PrefabInternal: {fileID: 984322890}
  m_GameObject: {fileID: 1783731790}
  m_Material: {fileID: 0}
  m_IsTrigger: 0
  m_Enabled: 1
  serializedVersion: 2
  m_Radius: 0.5000001
  m_Center: {x: 0.000000059604645, y: 0, z: -0.00000008940697}
--- !u!33 &1783731794
MeshFilter:
  m_ObjectHideFlags: 0
  m_PrefabParentObject: {fileID: 3300030, guid: 996f0228d03f2114bb727b5df57dce86,
    type: 2}
  m_PrefabInternal: {fileID: 984322890}
  m_GameObject: {fileID: 1783731790}
  m_Mesh: {fileID: 10207, guid: 0000000000000000e000000000000000, type: 0}
--- !u!1 &1792854576
GameObject:
  m_ObjectHideFlags: 0
  m_PrefabParentObject: {fileID: 100022, guid: 996f0228d03f2114bb727b5df57dce86, type: 2}
  m_PrefabInternal: {fileID: 984322890}
  serializedVersion: 4
  m_Component:
  - 4: {fileID: 1792854577}
  - 33: {fileID: 1792854580}
  - 135: {fileID: 1792854579}
  - 23: {fileID: 1792854578}
  m_Layer: 0
  m_Name: 20_Shoulder_Right
  m_TagString: Untagged
  m_Icon: {fileID: 0}
  m_NavMeshLayer: 0
  m_StaticEditorFlags: 0
  m_IsActive: 1
--- !u!4 &1792854577
Transform:
  m_ObjectHideFlags: 0
  m_PrefabParentObject: {fileID: 400022, guid: 996f0228d03f2114bb727b5df57dce86, type: 2}
  m_PrefabInternal: {fileID: 984322890}
  m_GameObject: {fileID: 1792854576}
  m_LocalRotation: {x: 0, y: 0, z: 0, w: 1}
  m_LocalPosition: {x: 0, y: 0, z: 0}
  m_LocalScale: {x: 0.1, y: 0.1, z: 0.1}
  m_Children: []
  m_Father: {fileID: 1244153235}
  m_RootOrder: 11
--- !u!23 &1792854578
MeshRenderer:
  m_ObjectHideFlags: 0
  m_PrefabParentObject: {fileID: 2300022, guid: 996f0228d03f2114bb727b5df57dce86,
    type: 2}
  m_PrefabInternal: {fileID: 984322890}
  m_GameObject: {fileID: 1792854576}
  m_Enabled: 1
  m_CastShadows: 1
  m_ReceiveShadows: 1
  m_Materials:
  - {fileID: 10302, guid: 0000000000000000f000000000000000, type: 0}
  m_SubsetIndices: 
  m_StaticBatchRoot: {fileID: 0}
  m_UseLightProbes: 0
  m_ReflectionProbeUsage: 1
  m_ProbeAnchor: {fileID: 0}
  m_ScaleInLightmap: 1
  m_PreserveUVs: 0
  m_IgnoreNormalsForChartDetection: 0
  m_ImportantGI: 0
  m_MinimumChartSize: 4
  m_AutoUVMaxDistance: 0.5
  m_AutoUVMaxAngle: 89
  m_LightmapParameters: {fileID: 0}
  m_SortingLayerID: 0
  m_SortingOrder: 0
--- !u!135 &1792854579
SphereCollider:
  m_ObjectHideFlags: 0
  m_PrefabParentObject: {fileID: 13500022, guid: 996f0228d03f2114bb727b5df57dce86,
    type: 2}
  m_PrefabInternal: {fileID: 984322890}
  m_GameObject: {fileID: 1792854576}
  m_Material: {fileID: 0}
  m_IsTrigger: 0
  m_Enabled: 1
  serializedVersion: 2
  m_Radius: 0.5000001
  m_Center: {x: 0.000000059604645, y: 0, z: -0.00000008940697}
--- !u!33 &1792854580
MeshFilter:
  m_ObjectHideFlags: 0
  m_PrefabParentObject: {fileID: 3300022, guid: 996f0228d03f2114bb727b5df57dce86,
    type: 2}
  m_PrefabInternal: {fileID: 984322890}
  m_GameObject: {fileID: 1792854576}
  m_Mesh: {fileID: 10207, guid: 0000000000000000e000000000000000, type: 0}
--- !u!1 &1923875541
GameObject:
  m_ObjectHideFlags: 0
  m_PrefabParentObject: {fileID: 100026, guid: 996f0228d03f2114bb727b5df57dce86, type: 2}
  m_PrefabInternal: {fileID: 984322890}
  serializedVersion: 4
  m_Component:
  - 4: {fileID: 1923875542}
  - 33: {fileID: 1923875545}
  - 135: {fileID: 1923875544}
  - 23: {fileID: 1923875543}
  m_Layer: 0
  m_Name: 12_Wrist_Left
  m_TagString: Untagged
  m_Icon: {fileID: 0}
  m_NavMeshLayer: 0
  m_StaticEditorFlags: 0
  m_IsActive: 1
--- !u!4 &1923875542
Transform:
  m_ObjectHideFlags: 0
  m_PrefabParentObject: {fileID: 400026, guid: 996f0228d03f2114bb727b5df57dce86, type: 2}
  m_PrefabInternal: {fileID: 984322890}
  m_GameObject: {fileID: 1923875541}
  m_LocalRotation: {x: 0, y: 0, z: 0, w: 1}
  m_LocalPosition: {x: 0, y: 0, z: 0}
  m_LocalScale: {x: 0.1, y: 0.1, z: 0.1}
  m_Children: []
  m_Father: {fileID: 1244153235}
  m_RootOrder: 7
--- !u!23 &1923875543
MeshRenderer:
  m_ObjectHideFlags: 0
  m_PrefabParentObject: {fileID: 2300026, guid: 996f0228d03f2114bb727b5df57dce86,
    type: 2}
  m_PrefabInternal: {fileID: 984322890}
  m_GameObject: {fileID: 1923875541}
  m_Enabled: 1
  m_CastShadows: 1
  m_ReceiveShadows: 1
  m_Materials:
  - {fileID: 10302, guid: 0000000000000000f000000000000000, type: 0}
  m_SubsetIndices: 
  m_StaticBatchRoot: {fileID: 0}
  m_UseLightProbes: 0
  m_ReflectionProbeUsage: 1
  m_ProbeAnchor: {fileID: 0}
  m_ScaleInLightmap: 1
  m_PreserveUVs: 0
  m_IgnoreNormalsForChartDetection: 0
  m_ImportantGI: 0
  m_MinimumChartSize: 4
  m_AutoUVMaxDistance: 0.5
  m_AutoUVMaxAngle: 89
  m_LightmapParameters: {fileID: 0}
  m_SortingLayerID: 0
  m_SortingOrder: 0
--- !u!135 &1923875544
SphereCollider:
  m_ObjectHideFlags: 0
  m_PrefabParentObject: {fileID: 13500026, guid: 996f0228d03f2114bb727b5df57dce86,
    type: 2}
  m_PrefabInternal: {fileID: 984322890}
  m_GameObject: {fileID: 1923875541}
  m_Material: {fileID: 0}
  m_IsTrigger: 0
  m_Enabled: 1
  serializedVersion: 2
  m_Radius: 0.5000001
  m_Center: {x: 0.000000059604645, y: 0, z: -0.00000008940697}
--- !u!33 &1923875545
MeshFilter:
  m_ObjectHideFlags: 0
  m_PrefabParentObject: {fileID: 3300026, guid: 996f0228d03f2114bb727b5df57dce86,
    type: 2}
  m_PrefabInternal: {fileID: 984322890}
  m_GameObject: {fileID: 1923875541}
  m_Mesh: {fileID: 10207, guid: 0000000000000000e000000000000000, type: 0}
--- !u!1 &2029620091
GameObject:
  m_ObjectHideFlags: 0
  m_PrefabParentObject: {fileID: 100034, guid: 996f0228d03f2114bb727b5df57dce86, type: 2}
  m_PrefabInternal: {fileID: 984322890}
  serializedVersion: 4
  m_Component:
  - 4: {fileID: 2029620092}
  - 33: {fileID: 2029620095}
  - 135: {fileID: 2029620094}
  - 23: {fileID: 2029620093}
  m_Layer: 0
  m_Name: 03_Head
  m_TagString: Untagged
  m_Icon: {fileID: 0}
  m_NavMeshLayer: 0
  m_StaticEditorFlags: 0
  m_IsActive: 1
--- !u!4 &2029620092
Transform:
  m_ObjectHideFlags: 0
  m_PrefabParentObject: {fileID: 400034, guid: 996f0228d03f2114bb727b5df57dce86, type: 2}
  m_PrefabInternal: {fileID: 984322890}
  m_GameObject: {fileID: 2029620091}
  m_LocalRotation: {x: 0, y: 0, z: 0, w: 1}
  m_LocalPosition: {x: 0, y: 0, z: 0}
  m_LocalScale: {x: 0.1, y: 0.1, z: 0.1}
  m_Children: []
  m_Father: {fileID: 1244153235}
  m_RootOrder: 3
--- !u!23 &2029620093
MeshRenderer:
  m_ObjectHideFlags: 0
  m_PrefabParentObject: {fileID: 2300034, guid: 996f0228d03f2114bb727b5df57dce86,
    type: 2}
  m_PrefabInternal: {fileID: 984322890}
  m_GameObject: {fileID: 2029620091}
  m_Enabled: 1
  m_CastShadows: 1
  m_ReceiveShadows: 1
  m_Materials:
  - {fileID: 10302, guid: 0000000000000000f000000000000000, type: 0}
  m_SubsetIndices: 
  m_StaticBatchRoot: {fileID: 0}
  m_UseLightProbes: 0
  m_ReflectionProbeUsage: 1
  m_ProbeAnchor: {fileID: 0}
  m_ScaleInLightmap: 1
  m_PreserveUVs: 0
  m_IgnoreNormalsForChartDetection: 0
  m_ImportantGI: 0
  m_MinimumChartSize: 4
  m_AutoUVMaxDistance: 0.5
  m_AutoUVMaxAngle: 89
  m_LightmapParameters: {fileID: 0}
  m_SortingLayerID: 0
  m_SortingOrder: 0
--- !u!135 &2029620094
SphereCollider:
  m_ObjectHideFlags: 0
  m_PrefabParentObject: {fileID: 13500034, guid: 996f0228d03f2114bb727b5df57dce86,
    type: 2}
  m_PrefabInternal: {fileID: 984322890}
  m_GameObject: {fileID: 2029620091}
  m_Material: {fileID: 0}
  m_IsTrigger: 0
  m_Enabled: 1
  serializedVersion: 2
  m_Radius: 0.5000001
  m_Center: {x: 0.000000059604645, y: 0, z: -0.00000008940697}
--- !u!33 &2029620095
MeshFilter:
  m_ObjectHideFlags: 0
  m_PrefabParentObject: {fileID: 3300034, guid: 996f0228d03f2114bb727b5df57dce86,
    type: 2}
  m_PrefabInternal: {fileID: 984322890}
  m_GameObject: {fileID: 2029620091}
  m_Mesh: {fileID: 10207, guid: 0000000000000000e000000000000000, type: 0}
--- !u!1 &2059402601
GameObject:
  m_ObjectHideFlags: 0
  m_PrefabParentObject: {fileID: 100028, guid: 996f0228d03f2114bb727b5df57dce86, type: 2}
  m_PrefabInternal: {fileID: 984322890}
  serializedVersion: 4
  m_Component:
  - 4: {fileID: 2059402602}
  - 33: {fileID: 2059402605}
  - 135: {fileID: 2059402604}
  - 23: {fileID: 2059402603}
  m_Layer: 0
  m_Name: 11_Elbow_Left
  m_TagString: Untagged
  m_Icon: {fileID: 0}
  m_NavMeshLayer: 0
  m_StaticEditorFlags: 0
  m_IsActive: 1
--- !u!4 &2059402602
Transform:
  m_ObjectHideFlags: 0
  m_PrefabParentObject: {fileID: 400028, guid: 996f0228d03f2114bb727b5df57dce86, type: 2}
  m_PrefabInternal: {fileID: 984322890}
  m_GameObject: {fileID: 2059402601}
  m_LocalRotation: {x: 0, y: 0, z: 0, w: 1}
  m_LocalPosition: {x: 0, y: 0, z: 0}
  m_LocalScale: {x: 0.1, y: 0.1, z: 0.1}
  m_Children: []
  m_Father: {fileID: 1244153235}
  m_RootOrder: 5
--- !u!23 &2059402603
MeshRenderer:
  m_ObjectHideFlags: 0
  m_PrefabParentObject: {fileID: 2300028, guid: 996f0228d03f2114bb727b5df57dce86,
    type: 2}
  m_PrefabInternal: {fileID: 984322890}
  m_GameObject: {fileID: 2059402601}
  m_Enabled: 1
  m_CastShadows: 1
  m_ReceiveShadows: 1
  m_Materials:
  - {fileID: 10302, guid: 0000000000000000f000000000000000, type: 0}
  m_SubsetIndices: 
  m_StaticBatchRoot: {fileID: 0}
  m_UseLightProbes: 0
  m_ReflectionProbeUsage: 1
  m_ProbeAnchor: {fileID: 0}
  m_ScaleInLightmap: 1
  m_PreserveUVs: 0
  m_IgnoreNormalsForChartDetection: 0
  m_ImportantGI: 0
  m_MinimumChartSize: 4
  m_AutoUVMaxDistance: 0.5
  m_AutoUVMaxAngle: 89
  m_LightmapParameters: {fileID: 0}
  m_SortingLayerID: 0
  m_SortingOrder: 0
--- !u!135 &2059402604
SphereCollider:
  m_ObjectHideFlags: 0
  m_PrefabParentObject: {fileID: 13500028, guid: 996f0228d03f2114bb727b5df57dce86,
    type: 2}
  m_PrefabInternal: {fileID: 984322890}
  m_GameObject: {fileID: 2059402601}
  m_Material: {fileID: 0}
  m_IsTrigger: 0
  m_Enabled: 1
  serializedVersion: 2
  m_Radius: 0.5000001
  m_Center: {x: 0.000000059604645, y: 0, z: -0.00000008940697}
--- !u!33 &2059402605
MeshFilter:
  m_ObjectHideFlags: 0
  m_PrefabParentObject: {fileID: 3300028, guid: 996f0228d03f2114bb727b5df57dce86,
    type: 2}
  m_PrefabInternal: {fileID: 984322890}
  m_GameObject: {fileID: 2059402601}
  m_Mesh: {fileID: 10207, guid: 0000000000000000e000000000000000, type: 0}
--- !u!1 &2062024088
GameObject:
  m_ObjectHideFlags: 0
  m_PrefabParentObject: {fileID: 100036, guid: 996f0228d03f2114bb727b5df57dce86, type: 2}
  m_PrefabInternal: {fileID: 984322890}
  serializedVersion: 4
  m_Component:
  - 4: {fileID: 2062024089}
  - 33: {fileID: 2062024092}
  - 135: {fileID: 2062024091}
  - 23: {fileID: 2062024090}
  m_Layer: 0
  m_Name: 01_Spine
  m_TagString: Untagged
  m_Icon: {fileID: 0}
  m_NavMeshLayer: 0
  m_StaticEditorFlags: 0
  m_IsActive: 1
--- !u!4 &2062024089
Transform:
  m_ObjectHideFlags: 0
  m_PrefabParentObject: {fileID: 400036, guid: 996f0228d03f2114bb727b5df57dce86, type: 2}
  m_PrefabInternal: {fileID: 984322890}
  m_GameObject: {fileID: 2062024088}
  m_LocalRotation: {x: 0, y: 0, z: 0, w: 1}
  m_LocalPosition: {x: 0, y: 0, z: 0}
  m_LocalScale: {x: 0.1, y: 0.1, z: 0.1}
  m_Children: []
  m_Father: {fileID: 1244153235}
  m_RootOrder: 2
--- !u!23 &2062024090
MeshRenderer:
  m_ObjectHideFlags: 0
  m_PrefabParentObject: {fileID: 2300036, guid: 996f0228d03f2114bb727b5df57dce86,
    type: 2}
  m_PrefabInternal: {fileID: 984322890}
  m_GameObject: {fileID: 2062024088}
  m_Enabled: 1
  m_CastShadows: 1
  m_ReceiveShadows: 1
  m_Materials:
  - {fileID: 10302, guid: 0000000000000000f000000000000000, type: 0}
  m_SubsetIndices: 
  m_StaticBatchRoot: {fileID: 0}
  m_UseLightProbes: 0
  m_ReflectionProbeUsage: 1
  m_ProbeAnchor: {fileID: 0}
  m_ScaleInLightmap: 1
  m_PreserveUVs: 0
  m_IgnoreNormalsForChartDetection: 0
  m_ImportantGI: 0
  m_MinimumChartSize: 4
  m_AutoUVMaxDistance: 0.5
  m_AutoUVMaxAngle: 89
  m_LightmapParameters: {fileID: 0}
  m_SortingLayerID: 0
  m_SortingOrder: 0
--- !u!135 &2062024091
SphereCollider:
  m_ObjectHideFlags: 0
  m_PrefabParentObject: {fileID: 13500036, guid: 996f0228d03f2114bb727b5df57dce86,
    type: 2}
  m_PrefabInternal: {fileID: 984322890}
  m_GameObject: {fileID: 2062024088}
  m_Material: {fileID: 0}
  m_IsTrigger: 0
  m_Enabled: 1
  serializedVersion: 2
  m_Radius: 0.5000001
  m_Center: {x: 0.000000059604645, y: 0, z: -0.00000008940697}
--- !u!33 &2062024092
MeshFilter:
  m_ObjectHideFlags: 0
  m_PrefabParentObject: {fileID: 3300036, guid: 996f0228d03f2114bb727b5df57dce86,
    type: 2}
  m_PrefabInternal: {fileID: 984322890}
  m_GameObject: {fileID: 2062024088}
  m_Mesh: {fileID: 10207, guid: 0000000000000000e000000000000000, type: 0}
--- !u!1 &2125322874
GameObject:
  m_ObjectHideFlags: 0
  m_PrefabParentObject: {fileID: 100018, guid: 996f0228d03f2114bb727b5df57dce86, type: 2}
  m_PrefabInternal: {fileID: 984322890}
  serializedVersion: 4
  m_Component:
  - 4: {fileID: 2125322875}
  - 33: {fileID: 2125322878}
  - 135: {fileID: 2125322877}
  - 23: {fileID: 2125322876}
  m_Layer: 0
  m_Name: 22_Wrist_Right
  m_TagString: Untagged
  m_Icon: {fileID: 0}
  m_NavMeshLayer: 0
  m_StaticEditorFlags: 0
  m_IsActive: 1
--- !u!4 &2125322875
Transform:
  m_ObjectHideFlags: 0
  m_PrefabParentObject: {fileID: 400018, guid: 996f0228d03f2114bb727b5df57dce86, type: 2}
  m_PrefabInternal: {fileID: 984322890}
  m_GameObject: {fileID: 2125322874}
  m_LocalRotation: {x: 0, y: 0, z: 0, w: 1}
  m_LocalPosition: {x: 0, y: 0, z: 0}
  m_LocalScale: {x: 0.1, y: 0.1, z: 0.1}
  m_Children: []
  m_Father: {fileID: 1244153235}
  m_RootOrder: 8
--- !u!23 &2125322876
MeshRenderer:
  m_ObjectHideFlags: 0
  m_PrefabParentObject: {fileID: 2300018, guid: 996f0228d03f2114bb727b5df57dce86,
    type: 2}
  m_PrefabInternal: {fileID: 984322890}
  m_GameObject: {fileID: 2125322874}
  m_Enabled: 1
  m_CastShadows: 1
  m_ReceiveShadows: 1
  m_Materials:
  - {fileID: 10302, guid: 0000000000000000f000000000000000, type: 0}
  m_SubsetIndices: 
  m_StaticBatchRoot: {fileID: 0}
  m_UseLightProbes: 0
  m_ReflectionProbeUsage: 1
  m_ProbeAnchor: {fileID: 0}
  m_ScaleInLightmap: 1
  m_PreserveUVs: 0
  m_IgnoreNormalsForChartDetection: 0
  m_ImportantGI: 0
  m_MinimumChartSize: 4
  m_AutoUVMaxDistance: 0.5
  m_AutoUVMaxAngle: 89
  m_LightmapParameters: {fileID: 0}
  m_SortingLayerID: 0
  m_SortingOrder: 0
--- !u!135 &2125322877
SphereCollider:
  m_ObjectHideFlags: 0
  m_PrefabParentObject: {fileID: 13500018, guid: 996f0228d03f2114bb727b5df57dce86,
    type: 2}
  m_PrefabInternal: {fileID: 984322890}
  m_GameObject: {fileID: 2125322874}
  m_Material: {fileID: 0}
  m_IsTrigger: 0
  m_Enabled: 1
  serializedVersion: 2
  m_Radius: 0.5000001
  m_Center: {x: 0.000000059604645, y: 0, z: -0.00000008940697}
--- !u!33 &2125322878
MeshFilter:
  m_ObjectHideFlags: 0
  m_PrefabParentObject: {fileID: 3300018, guid: 996f0228d03f2114bb727b5df57dce86,
    type: 2}
  m_PrefabInternal: {fileID: 984322890}
  m_GameObject: {fileID: 2125322874}
  m_Mesh: {fileID: 10207, guid: 0000000000000000e000000000000000, type: 0}
--- !u!1 &2142638872
GameObject:
  m_ObjectHideFlags: 0
  m_PrefabParentObject: {fileID: 100032, guid: 996f0228d03f2114bb727b5df57dce86, type: 2}
  m_PrefabInternal: {fileID: 984322890}
  serializedVersion: 4
  m_Component:
  - 4: {fileID: 2142638873}
  - 33: {fileID: 2142638876}
  - 135: {fileID: 2142638875}
  - 23: {fileID: 2142638874}
  m_Layer: 0
  m_Name: 02_Shoulder_Center
  m_TagString: Untagged
  m_Icon: {fileID: 0}
  m_NavMeshLayer: 0
  m_StaticEditorFlags: 0
  m_IsActive: 1
--- !u!4 &2142638873
Transform:
  m_ObjectHideFlags: 0
  m_PrefabParentObject: {fileID: 400032, guid: 996f0228d03f2114bb727b5df57dce86, type: 2}
  m_PrefabInternal: {fileID: 984322890}
  m_GameObject: {fileID: 2142638872}
  m_LocalRotation: {x: 0, y: 0, z: 0, w: 1}
  m_LocalPosition: {x: 0, y: 0, z: 0}
  m_LocalScale: {x: 0.1, y: 0.1, z: 0.1}
  m_Children: []
  m_Father: {fileID: 1244153235}
  m_RootOrder: 1
--- !u!23 &2142638874
MeshRenderer:
  m_ObjectHideFlags: 0
  m_PrefabParentObject: {fileID: 2300032, guid: 996f0228d03f2114bb727b5df57dce86,
    type: 2}
  m_PrefabInternal: {fileID: 984322890}
  m_GameObject: {fileID: 2142638872}
  m_Enabled: 1
  m_CastShadows: 1
  m_ReceiveShadows: 1
  m_Materials:
  - {fileID: 10302, guid: 0000000000000000f000000000000000, type: 0}
  m_SubsetIndices: 
  m_StaticBatchRoot: {fileID: 0}
  m_UseLightProbes: 0
  m_ReflectionProbeUsage: 1
  m_ProbeAnchor: {fileID: 0}
  m_ScaleInLightmap: 1
  m_PreserveUVs: 0
  m_IgnoreNormalsForChartDetection: 0
  m_ImportantGI: 0
  m_MinimumChartSize: 4
  m_AutoUVMaxDistance: 0.5
  m_AutoUVMaxAngle: 89
  m_LightmapParameters: {fileID: 0}
  m_SortingLayerID: 0
  m_SortingOrder: 0
--- !u!135 &2142638875
SphereCollider:
  m_ObjectHideFlags: 0
  m_PrefabParentObject: {fileID: 13500032, guid: 996f0228d03f2114bb727b5df57dce86,
    type: 2}
  m_PrefabInternal: {fileID: 984322890}
  m_GameObject: {fileID: 2142638872}
  m_Material: {fileID: 0}
  m_IsTrigger: 0
  m_Enabled: 1
  serializedVersion: 2
  m_Radius: 0.5000001
  m_Center: {x: 0.000000059604645, y: 0, z: -0.00000008940697}
--- !u!33 &2142638876
MeshFilter:
  m_ObjectHideFlags: 0
  m_PrefabParentObject: {fileID: 3300032, guid: 996f0228d03f2114bb727b5df57dce86,
    type: 2}
  m_PrefabInternal: {fileID: 984322890}
  m_GameObject: {fileID: 2142638872}
  m_Mesh: {fileID: 10207, guid: 0000000000000000e000000000000000, type: 0}
