%YAML 1.1
%TAG !u! tag:unity3d.com,2011:
--- !u!1 &171430
GameObject:
  m_ObjectHideFlags: 0
  m_PrefabParentObject: {fileID: 0}
  m_PrefabInternal: {fileID: 100100000}
  serializedVersion: 4
  m_Component:
  - 4: {fileID: 480786}
  - 114: {fileID: 11451310}
  - 114: {fileID: 11467878}
  - 114: {fileID: 11481332}
  m_Layer: 0
  m_Name: KinectController 2
  m_TagString: Untagged
  m_Icon: {fileID: 0}
  m_NavMeshLayer: 0
  m_StaticEditorFlags: 0
  m_IsActive: 1
--- !u!4 &480786
Transform:
  m_ObjectHideFlags: 1
  m_PrefabParentObject: {fileID: 0}
  m_PrefabInternal: {fileID: 100100000}
  m_GameObject: {fileID: 171430}
  m_LocalRotation: {x: 0, y: 0, z: 0, w: 1}
  m_LocalPosition: {x: 0, y: 0, z: 0}
  m_LocalScale: {x: 1, y: 1, z: 1}
  m_Children: []
  m_Father: {fileID: 0}
  m_RootOrder: 0
--- !u!114 &11451310
MonoBehaviour:
  m_ObjectHideFlags: 1
  m_PrefabParentObject: {fileID: 0}
  m_PrefabInternal: {fileID: 100100000}
  m_GameObject: {fileID: 171430}
  m_Enabled: 1
  m_EditorHideFlags: 0
  m_Script: {fileID: 11500000, guid: 6b531f336dfee5f438f94ed501caefc7, type: 3}
  m_Name: 
  m_EditorClassIdentifier: 
  sensorHeight: 1
  sensorAngle: 0
  autoHeightAngle: 0
  computeUserMap: 1
  computeColorMap: 0
  computeInfraredMap: 0
  displayUserMap: 1
  displayColorMap: 1
  displaySkeletonLines: 1
  DisplayMapsWidthPercent: 20
  useMultiSourceReader: 0
  minUserDistance: 0.5
  maxUserDistance: 0
  maxTrackedUsers: 6
  detectClosestUser: 1
  ignoreInferredJoints: 0
  lateUpdateAvatars: 0
  smoothing: 1
  useBoneOrientationConstraints: 1
  allowTurnArounds: 0
  allowedHandRotations: 1
  avatarControllers: []
  playerCalibrationPose: 0
  playerCommonGestures: 0700000008000000
  minTimeBetweenGestures: 0.7
  gestureListeners: []
  calibrationText: {fileID: 0}
  gesturesDebugText: {fileID: 0}
--- !u!114 &11467878
MonoBehaviour:
  m_ObjectHideFlags: 1
  m_PrefabParentObject: {fileID: 0}
  m_PrefabInternal: {fileID: 100100000}
  m_GameObject: {fileID: 171430}
  m_Enabled: 1
  m_EditorHideFlags: 0
  m_Script: {fileID: 11500000, guid: 1eedf84d761a4dc4ba2ed284ddf51aa1, type: 3}
  m_Name: 
  m_EditorClassIdentifier: 
  playerIndex: 0
  getFaceModelData: 0
  displayFaceRect: 0
  faceTrackingTolerance: 0.5
  faceModelMesh: {fileID: 0}
  mirroredModelMesh: 1
  debugText: {fileID: 0}
--- !u!114 &11481332
MonoBehaviour:
  m_ObjectHideFlags: 1
  m_PrefabParentObject: {fileID: 0}
  m_PrefabInternal: {fileID: 100100000}
  m_GameObject: {fileID: 171430}
  m_Enabled: 1
  m_EditorHideFlags: 0
  m_Script: {fileID: 11500000, guid: 71efa4381866a5a4a8e2eb39849873bc, type: 3}
  m_Name: 
  m_EditorClassIdentifier: 
  GestureInfo: {fileID: 0}
  start: 0
  completed: 0
  squat: 0
  leanl: 0
  leanr: 0
  kickl: 0
  kickr: 0
  squatCount: 3
--- !u!1001 &100100000
Prefab:
  m_ObjectHideFlags: 1
  serializedVersion: 2
  m_Modification:
    m_TransformParent: {fileID: 0}
    m_Modifications: []
    m_RemovedComponents: []
  m_ParentPrefab: {fileID: 0}
  m_RootGameObject: {fileID: 171430}
  m_IsPrefabParent: 1
